{
  "extraction_info": {
    "timestamp": "2025-08-05T17:41:39.798Z",
    "page_url": "https://www.coles.com.au/browse/down-down",
    "category": "down-down",
    "page_number": 1,
    "selector_set_used": "high_confidence",
    "total_products": 56,
    "total_elements_found": 56
  },
  "products": [
    {
      "title": "Great Ocean Road Colby Cheese Block | 500g",
      "current_price": 9,
      "original_price": null,
      "discount_percentage": null,
      "discount_amount": null,
      "image_url": "https://www.coles.com.au/_next/image?url=https%3A%2F%2Fcdn.productimages.coles.com.au%2Fproductimages%2F1%2F1010087.jpg&w=640&q=90",
      "product_url": "https://www.coles.com.au/product/great-ocean-road-colby-cheese-block-500g-1010087",
      "category": "down-down",
      "brand": null,
      "weight_size": null,
      "per_unit_price": "$18.00 per 1kgWas $10.30 on May 2025",
      "rating": 0,
      "review_count": 0,
      "in_stock": true,
      "is_on_sale": false,
      "scraped_at": "2025-08-05T17:41:39.797Z",
      "page_number": 1,
      "source_url": "https://www.coles.com.au/browse/down-down",
      "is_sponsored": null
    },
    {
      "title": "Mum-mum Strawberry Rice Biscuits | 40g",
      "current_price": 2.85,
      "original_price": null,
      "discount_percentage": null,
      "discount_amount": null,
      "image_url": "https://www.coles.com.au/_next/image?url=https%3A%2F%2Fcdn.productimages.coles.com.au%2Fproductimages%2F8%2F8423085.jpg&w=640&q=90",
      "product_url": "https://www.coles.com.au/product/mum-mum-strawberry-rice-biscuits-40g-8423085",
      "category": "down-down",
      "brand": null,
      "weight_size": null,
      "per_unit_price": "$7.13 per 100gWas $3.85 on Jul 2025",
      "rating": 0,
      "review_count": 0,
      "in_stock": true,
      "is_on_sale": false,
      "scraped_at": "2025-08-05T17:41:39.797Z",
      "page_number": 1,
      "source_url": "https://www.coles.com.au/browse/down-down",
      "is_sponsored": true
    },
    {
      "title": "Moxie Pads Organic Day Regular | 10 pack",
      "current_price": 4.5,
      "original_price": null,
      "discount_percentage": null,
      "discount_amount": null,
      "image_url": "https://www.coles.com.au/_next/image?url=https%3A%2F%2Fcdn.productimages.coles.com.au%2Fproductimages%2F6%2F6127365.jpg&w=640&q=90",
      "product_url": "https://www.coles.com.au/product/moxie-pads-organic-day-regular-10-pack-6127365",
      "category": "down-down",
      "brand": null,
      "weight_size": null,
      "per_unit_price": "$0.45 per 1eaWas $5.90 on Jul 2025",
      "rating": 0,
      "review_count": 0,
      "in_stock": true,
      "is_on_sale": false,
      "scraped_at": "2025-08-05T17:41:39.797Z",
      "page_number": 1,
      "source_url": "https://www.coles.com.au/browse/down-down",
      "is_sponsored": true
    },
    {
      "title": "Travacalm Ginger | 10 pack",
      "current_price": 4.5,
      "original_price": null,
      "discount_percentage": null,
      "discount_amount": null,
      "image_url": "https://www.coles.com.au/_next/image?url=https%3A%2F%2Fcdn.productimages.coles.com.au%2Fproductimages%2F6%2F6138179.jpg&w=640&q=90",
      "product_url": "https://www.coles.com.au/product/travacalm-ginger-10-pack-6138179",
      "category": "down-down",
      "brand": null,
      "weight_size": null,
      "per_unit_price": "$0.45 per 1eaWas $5.50 on Jul 2025",
      "rating": 0,
      "review_count": 0,
      "in_stock": true,
      "is_on_sale": false,
      "scraped_at": "2025-08-05T17:41:39.797Z",
      "page_number": 1,
      "source_url": "https://www.coles.com.au/browse/down-down",
      "is_sponsored": true
    },
    {
      "title": "Moxie Tampons 100% Organic Cotton Regular | 16 pack",
      "current_price": 4.5,
      "original_price": null,
      "discount_percentage": null,
      "discount_amount": null,
      "image_url": "https://www.coles.com.au/_next/image?url=https%3A%2F%2Fcdn.productimages.coles.com.au%2Fproductimages%2F6%2F6126690.jpg&w=640&q=90",
      "product_url": "https://www.coles.com.au/product/moxie-tampons-100percent-organic-cotton-regular-16-pack-6126690",
      "category": "down-down",
      "brand": null,
      "weight_size": null,
      "per_unit_price": "$0.28 per 1eaWas $5.90 on Jul 2025",
      "rating": 0,
      "review_count": 0,
      "in_stock": true,
      "is_on_sale": false,
      "scraped_at": "2025-08-05T17:41:39.797Z",
      "page_number": 1,
      "source_url": "https://www.coles.com.au/browse/down-down",
      "is_sponsored": true
    },
    {
      "title": "Moxie Pads Organic Overnight | 8 pack",
      "current_price": 4.5,
      "original_price": null,
      "discount_percentage": null,
      "discount_amount": null,
      "image_url": "https://www.coles.com.au/_next/image?url=https%3A%2F%2Fcdn.productimages.coles.com.au%2Fproductimages%2F6%2F6127263.jpg&w=640&q=90",
      "product_url": "https://www.coles.com.au/product/moxie-pads-organic-overnight-8-pack-6127263",
      "category": "down-down",
      "brand": null,
      "weight_size": null,
      "per_unit_price": "$0.56 per 1eaWas $5.90 on Jul 2025",
      "rating": 0,
      "review_count": 0,
      "in_stock": true,
      "is_on_sale": false,
      "scraped_at": "2025-08-05T17:41:39.797Z",
      "page_number": 1,
      "source_url": "https://www.coles.com.au/browse/down-down",
      "is_sponsored": true
    },
    {
      "title": "Moxie Liners Organic Ultra Thin | 26 pack",
      "current_price": 4.5,
      "original_price": null,
      "discount_percentage": null,
      "discount_amount": null,
      "image_url": "https://www.coles.com.au/_next/image?url=https%3A%2F%2Fcdn.productimages.coles.com.au%2Fproductimages%2F6%2F6126792.jpg&w=640&q=90",
      "product_url": "https://www.coles.com.au/product/moxie-liners-organic-ultra-thin-26-pack-6126792",
      "category": "down-down",
      "brand": null,
      "weight_size": null,
      "per_unit_price": "$0.17 per 1eaWas $5.90 on Jul 2025",
      "rating": 0,
      "review_count": 0,
      "in_stock": true,
      "is_on_sale": false,
      "scraped_at": "2025-08-05T17:41:39.797Z",
      "page_number": 1,
      "source_url": "https://www.coles.com.au/browse/down-down",
      "is_sponsored": true
    },
    {
      "title": "Riverina Haloumi | 180g",
      "current_price": 5.8,
      "original_price": null,
      "discount_percentage": null,
      "discount_amount": null,
      "image_url": "https://www.coles.com.au/_next/image?url=https%3A%2F%2Fcdn.productimages.coles.com.au%2Fproductimages%2F3%2F3842193.jpg&w=640&q=90",
      "product_url": "https://www.coles.com.au/product/riverina-haloumi-180g-3842193",
      "category": "down-down",
      "brand": null,
      "weight_size": null,
      "per_unit_price": "$32.22 per 1kgWas $6.60 on May 2025",
      "rating": 0,
      "review_count": 0,
      "in_stock": true,
      "is_on_sale": false,
      "scraped_at": "2025-08-05T17:41:39.797Z",
      "page_number": 1,
      "source_url": "https://www.coles.com.au/browse/down-down",
      "is_sponsored": true
    },
    {
      "title": "Devondale Regular Pat Butter | 250g",
      "current_price": 4.6,
      "original_price": null,
      "discount_percentage": null,
      "discount_amount": null,
      "image_url": "https://www.coles.com.au/_next/image?url=https%3A%2F%2Fcdn.productimages.coles.com.au%2Fproductimages%2F1%2F1778617.jpg&w=640&q=90",
      "product_url": "https://www.coles.com.au/product/devondale-regular-pat-butter-250g-1778617",
      "category": "down-down",
      "brand": null,
      "weight_size": null,
      "per_unit_price": "$1.84 per 100gWas $5.30 on Jul 2025",
      "rating": 0,
      "review_count": 0,
      "in_stock": true,
      "is_on_sale": false,
      "scraped_at": "2025-08-05T17:41:39.797Z",
      "page_number": 1,
      "source_url": "https://www.coles.com.au/browse/down-down",
      "is_sponsored": true
    },
    {
      "title": "Cold Power Advanced Clean Laundry Liquid | 4L",
      "current_price": 25,
      "original_price": null,
      "discount_percentage": null,
      "discount_amount": null,
      "image_url": "https://www.coles.com.au/_next/image?url=https%3A%2F%2Fcdn.productimages.coles.com.au%2Fproductimages%2F3%2F3774639.jpg&w=640&q=90",
      "product_url": "https://www.coles.com.au/product/cold-power-advanced-clean-laundry-liquid-4l-3774639",
      "category": "down-down",
      "brand": null,
      "weight_size": null,
      "per_unit_price": "$6.25 per 1LWas $36.00 on Jun 2025",
      "rating": 4.7,
      "review_count": 40,
      "in_stock": true,
      "is_on_sale": false,
      "scraped_at": "2025-08-05T17:41:39.797Z",
      "page_number": 1,
      "source_url": "https://www.coles.com.au/browse/down-down",
      "is_sponsored": true
    },
    {
      "title": "Coles Short Cut Bacon | 200g",
      "current_price": 5.2,
      "original_price": null,
      "discount_percentage": null,
      "discount_amount": null,
      "image_url": "https://www.coles.com.au/_next/image?url=https%3A%2F%2Fcdn.productimages.coles.com.au%2Fproductimages%2F1%2F1015411.jpg&w=640&q=90",
      "product_url": "https://www.coles.com.au/product/coles-short-cut-bacon-200g-1015411",
      "category": "down-down",
      "brand": null,
      "weight_size": null,
      "per_unit_price": "$26.00 per 1kgWas $6.20 on Jun 2025",
      "rating": 0,
      "review_count": 0,
      "in_stock": true,
      "is_on_sale": false,
      "scraped_at": "2025-08-05T17:41:39.797Z",
      "page_number": 1,
      "source_url": "https://www.coles.com.au/browse/down-down",
      "is_sponsored": null
    },
    {
      "title": "Youfoodz Fueld Chicken Pesto Pasta With Parmesan Sauce | 405g",
      "current_price": 10.8,
      "original_price": null,
      "discount_percentage": null,
      "discount_amount": null,
      "image_url": "https://www.coles.com.au/_next/image?url=https%3A%2F%2Fcdn.productimages.coles.com.au%2Fproductimages%2F1%2F1017836.jpg&w=640&q=90",
      "product_url": "https://www.coles.com.au/product/youfoodz-fueld-chicken-pesto-pasta-with-parmesan-sauce-405g-1017836",
      "category": "down-down",
      "brand": null,
      "weight_size": null,
      "per_unit_price": "$2.67 per 100gWas $12.00 on Jun 2025",
      "rating": 0,
      "review_count": 0,
      "in_stock": true,
      "is_on_sale": false,
      "scraped_at": "2025-08-05T17:41:39.797Z",
      "page_number": 1,
      "source_url": "https://www.coles.com.au/browse/down-down",
      "is_sponsored": null
    },
    {
      "title": "Youfoodz Fueld Chicken In Sundried Tomato Sauce With Mash | 410g",
      "current_price": 10.8,
      "original_price": null,
      "discount_percentage": null,
      "discount_amount": null,
      "image_url": "https://www.coles.com.au/_next/image?url=https%3A%2F%2Fcdn.productimages.coles.com.au%2Fproductimages%2F1%2F1017847.jpg&w=640&q=90",
      "product_url": "https://www.coles.com.au/product/youfoodz-fueld-chicken-in-sundried-tomato-sauce-with-mash-410g-1017847",
      "category": "down-down",
      "brand": null,
      "weight_size": null,
      "per_unit_price": "$2.63 per 100gWas $12.00 on Jun 2025",
      "rating": 0,
      "review_count": 0,
      "in_stock": true,
      "is_on_sale": false,
      "scraped_at": "2025-08-05T17:41:39.797Z",
      "page_number": 1,
      "source_url": "https://www.coles.com.au/browse/down-down",
      "is_sponsored": null
    },
    {
      "title": "Youfoodz Fueld Chicken In Satay Sauce With Rice & Veg | 405g",
      "current_price": 10.8,
      "original_price": null,
      "discount_percentage": null,
      "discount_amount": null,
      "image_url": "https://www.coles.com.au/_next/image?url=https%3A%2F%2Fcdn.productimages.coles.com.au%2Fproductimages%2F1%2F1017869.jpg&w=640&q=90",
      "product_url": "https://www.coles.com.au/product/youfoodz-fueld-chicken-in-satay-sauce-with-rice-and-veg-405g-1017869",
      "category": "down-down",
      "brand": null,
      "weight_size": null,
      "per_unit_price": "$2.67 per 100gWas $12.00 on Jun 2025",
      "rating": 0,
      "review_count": 0,
      "in_stock": true,
      "is_on_sale": false,
      "scraped_at": "2025-08-05T17:41:39.797Z",
      "page_number": 1,
      "source_url": "https://www.coles.com.au/browse/down-down",
      "is_sponsored": null
    },
    {
      "title": "Remedy Sodaly Yuzu Lemon | 330mL",
      "current_price": 2.9,
      "original_price": null,
      "discount_percentage": null,
      "discount_amount": null,
      "image_url": "https://www.coles.com.au/_next/image?url=https%3A%2F%2Fcdn.productimages.coles.com.au%2Fproductimages%2F1%2F1035339.jpg&w=640&q=90",
      "product_url": "https://www.coles.com.au/product/remedy-sodaly-yuzu-lemon-330ml-1035339",
      "category": "down-down",
      "brand": null,
      "weight_size": null,
      "per_unit_price": "$8.79 per 1LWas $4.00 on May 2025",
      "rating": 0,
      "review_count": 0,
      "in_stock": true,
      "is_on_sale": false,
      "scraped_at": "2025-08-05T17:41:39.797Z",
      "page_number": 1,
      "source_url": "https://www.coles.com.au/browse/down-down",
      "is_sponsored": null
    },
    {
      "title": "Great Temptations Chocolate Chips Muffins 5 Pack | 110g",
      "current_price": 4,
      "original_price": null,
      "discount_percentage": null,
      "discount_amount": null,
      "image_url": "https://www.coles.com.au/_next/image?url=https%3A%2F%2Fcdn.productimages.coles.com.au%2Fproductimages%2F1%2F1048137.jpg&w=640&q=90",
      "product_url": "https://www.coles.com.au/product/great-temptations-chocolate-chips-muffins-5-pack-110g-1048137",
      "category": "down-down",
      "brand": null,
      "weight_size": null,
      "per_unit_price": "$3.64 per 100gWas $4.50 on Jun 2025",
      "rating": 0,
      "review_count": 0,
      "in_stock": true,
      "is_on_sale": false,
      "scraped_at": "2025-08-05T17:41:39.797Z",
      "page_number": 1,
      "source_url": "https://www.coles.com.au/browse/down-down",
      "is_sponsored": null
    },
    {
      "title": "Great Temptations Mufnutz 5 Pack | 120g",
      "current_price": 4,
      "original_price": null,
      "discount_percentage": null,
      "discount_amount": null,
      "image_url": "https://www.coles.com.au/_next/image?url=https%3A%2F%2Fcdn.productimages.coles.com.au%2Fproductimages%2F1%2F1048148.jpg&w=640&q=90",
      "product_url": "https://www.coles.com.au/product/great-temptations-mufnutz-5-pack-120g-1048148",
      "category": "down-down",
      "brand": null,
      "weight_size": null,
      "per_unit_price": "$3.33 per 100gWas $4.50 on Jun 2025",
      "rating": 0,
      "review_count": 0,
      "in_stock": true,
      "is_on_sale": false,
      "scraped_at": "2025-08-05T17:41:39.797Z",
      "page_number": 1,
      "source_url": "https://www.coles.com.au/browse/down-down",
      "is_sponsored": null
    },
    {
      "title": "Great Temptations Orange Poppy Seed Muffins 5 Pack | 110g",
      "current_price": 4,
      "original_price": null,
      "discount_percentage": null,
      "discount_amount": null,
      "image_url": "https://www.coles.com.au/_next/image?url=https%3A%2F%2Fcdn.productimages.coles.com.au%2Fproductimages%2F1%2F1048159.jpg&w=640&q=90",
      "product_url": "https://www.coles.com.au/product/great-temptations-orange-poppy-seed-muffins-5-pack-110g-1048159",
      "category": "down-down",
      "brand": null,
      "weight_size": null,
      "per_unit_price": "$3.64 per 100gWas $4.50 on Jun 2025",
      "rating": 0,
      "review_count": 0,
      "in_stock": true,
      "is_on_sale": false,
      "scraped_at": "2025-08-05T17:41:39.797Z",
      "page_number": 1,
      "source_url": "https://www.coles.com.au/browse/down-down",
      "is_sponsored": null
    },
    {
      "title": "Inghams Sweet Chilli Chicken Tenders | 1kg",
      "current_price": 12,
      "original_price": null,
      "discount_percentage": null,
      "discount_amount": null,
      "image_url": "https://www.coles.com.au/_next/image?url=https%3A%2F%2Fcdn.productimages.coles.com.au%2Fproductimages%2F1%2F1062218.jpg&w=640&q=90",
      "product_url": "https://www.coles.com.au/product/inghams-sweet-chilli-chicken-tenders-1kg-1062218",
      "category": "down-down",
      "brand": null,
      "weight_size": null,
      "per_unit_price": "$12.00 per 1kgWas $13.35 on Jul 2025",
      "rating": 0,
      "review_count": 0,
      "in_stock": true,
      "is_on_sale": false,
      "scraped_at": "2025-08-05T17:41:39.797Z",
      "page_number": 1,
      "source_url": "https://www.coles.com.au/browse/down-down",
      "is_sponsored": null
    },
    {
      "title": "Pistabella Pistachio Spread | 200g",
      "current_price": 12,
      "original_price": null,
      "discount_percentage": null,
      "discount_amount": null,
      "image_url": "https://www.coles.com.au/_next/image?url=https%3A%2F%2Fcdn.productimages.coles.com.au%2Fproductimages%2F1%2F1068190.jpg&w=640&q=90",
      "product_url": "https://www.coles.com.au/product/pistabella-pistachio-spread-200g-1068190",
      "category": "down-down",
      "brand": null,
      "weight_size": null,
      "per_unit_price": "$6.00 per 100gWas $15.00 on Jul 2025",
      "rating": 0,
      "review_count": 0,
      "in_stock": true,
      "is_on_sale": false,
      "scraped_at": "2025-08-05T17:41:39.797Z",
      "page_number": 1,
      "source_url": "https://www.coles.com.au/browse/down-down",
      "is_sponsored": null
    },
    {
      "title": "Jiffy Firelighters | 24 pack",
      "current_price": 3.95,
      "original_price": null,
      "discount_percentage": null,
      "discount_amount": null,
      "image_url": "https://www.coles.com.au/_next/image?url=https%3A%2F%2Fcdn.productimages.coles.com.au%2Fproductimages%2F1%2F112638.jpg&w=640&q=90",
      "product_url": "https://www.coles.com.au/product/jiffy-firelighters-24-pack-112638",
      "category": "down-down",
      "brand": null,
      "weight_size": null,
      "per_unit_price": "$0.16 per 1eaWas $6.00 on May 2025",
      "rating": 0,
      "review_count": 0,
      "in_stock": true,
      "is_on_sale": false,
      "scraped_at": "2025-08-05T17:41:39.797Z",
      "page_number": 1,
      "source_url": "https://www.coles.com.au/browse/down-down",
      "is_sponsored": null
    },
    {
      "title": "Don Italian Salami From The Deli | approx. 1kg",
      "current_price": 32,
      "original_price": null,
      "discount_percentage": null,
      "discount_amount": null,
      "image_url": "https://www.coles.com.au/_next/image?url=https%3A%2F%2Fcdn.productimages.coles.com.au%2Fproductimages%2F1%2F1131081.jpg&w=640&q=90",
      "product_url": "https://www.coles.com.au/product/don-italian-salami-from-the-deli-approx.-1kg-1131081",
      "category": "down-down",
      "brand": null,
      "weight_size": null,
      "per_unit_price": "$32.00 per 1kgWas $36.00 on Jul 2025",
      "rating": 0,
      "review_count": 0,
      "in_stock": true,
      "is_on_sale": false,
      "scraped_at": "2025-08-05T17:41:39.797Z",
      "page_number": 1,
      "source_url": "https://www.coles.com.au/browse/down-down",
      "is_sponsored": null
    },
    {
      "title": "Nulax Fruit Laxative | 250g",
      "current_price": 7.5,
      "original_price": null,
      "discount_percentage": null,
      "discount_amount": null,
      "image_url": "https://www.coles.com.au/_next/image?url=https%3A%2F%2Fcdn.productimages.coles.com.au%2Fproductimages%2F1%2F113674.jpg&w=640&q=90",
      "product_url": "https://www.coles.com.au/product/nulax-fruit-laxative-250g-113674",
      "category": "down-down",
      "brand": null,
      "weight_size": null,
      "per_unit_price": "$3.00 per 100gWas $7.75 on Jul 2025",
      "rating": 0,
      "review_count": 0,
      "in_stock": true,
      "is_on_sale": false,
      "scraped_at": "2025-08-05T17:41:39.797Z",
      "page_number": 1,
      "source_url": "https://www.coles.com.au/browse/down-down",
      "is_sponsored": null
    },
    {
      "title": "Air Wick Touch of Luxury Midnight Blackberry & Vanilla Silk Reed Di ... 50mL",
      "current_price": 8.5,
      "original_price": null,
      "discount_percentage": null,
      "discount_amount": null,
      "image_url": "https://www.coles.com.au/_next/image?url=https%3A%2F%2Fcdn.productimages.coles.com.au%2Fproductimages%2F1%2F1149280.jpg&w=640&q=90",
      "product_url": "https://www.coles.com.au/product/air-wick-touch-of-luxury-midnight-blackberry-and-vanilla-silk-reed-diffuser-50ml-1149280",
      "category": "down-down",
      "brand": null,
      "weight_size": null,
      "per_unit_price": "$1.70 per 10mLWas $14.00 on Jun 2025",
      "rating": 4.5,
      "review_count": 26,
      "in_stock": true,
      "is_on_sale": false,
      "scraped_at": "2025-08-05T17:41:39.797Z",
      "page_number": 1,
      "source_url": "https://www.coles.com.au/browse/down-down",
      "is_sponsored": null
    },
    {
      "title": "Air Wick Freesia & Jasmine Reed Diffuser | 50mL",
      "current_price": 8.5,
      "original_price": null,
      "discount_percentage": null,
      "discount_amount": null,
      "image_url": "https://www.coles.com.au/_next/image?url=https%3A%2F%2Fcdn.productimages.coles.com.au%2Fproductimages%2F1%2F1149327.jpg&w=640&q=90",
      "product_url": "https://www.coles.com.au/product/air-wick-freesia-and-jasmine-reed-diffuser-50ml-1149327",
      "category": "down-down",
      "brand": null,
      "weight_size": null,
      "per_unit_price": "$1.70 per 10mLWas $14.00 on Jun 2025",
      "rating": 4.4,
      "review_count": 27,
      "in_stock": true,
      "is_on_sale": false,
      "scraped_at": "2025-08-05T17:41:39.798Z",
      "page_number": 1,
      "source_url": "https://www.coles.com.au/browse/down-down",
      "is_sponsored": null
    },
    {
      "title": "Codral Cold & Flu + Mucus Cough Capsules | 16 pack",
      "current_price": 13,
      "original_price": null,
      "discount_percentage": null,
      "discount_amount": null,
      "image_url": "https://www.coles.com.au/_next/image?url=https%3A%2F%2Fcdn.productimages.coles.com.au%2Fproductimages%2F1%2F1216209.jpg&w=640&q=90",
      "product_url": "https://www.coles.com.au/product/codral-cold-and-flu-+-mucus-cough-capsules-16-pack-1216209",
      "category": "down-down",
      "brand": null,
      "weight_size": null,
      "per_unit_price": "$0.81 per 1eaWas $16.50 on Jun 2025",
      "rating": 0,
      "review_count": 0,
      "in_stock": true,
      "is_on_sale": false,
      "scraped_at": "2025-08-05T17:41:39.798Z",
      "page_number": 1,
      "source_url": "https://www.coles.com.au/browse/down-down",
      "is_sponsored": null
    },
    {
      "title": "Sudafed PE Sinus Pain Relief + Anti Inflammatory Double Action Ta ... 20 pack",
      "current_price": 12.5,
      "original_price": null,
      "discount_percentage": null,
      "discount_amount": null,
      "image_url": "https://www.coles.com.au/_next/image?url=https%3A%2F%2Fcdn.productimages.coles.com.au%2Fproductimages%2F1%2F1216231.jpg&w=640&q=90",
      "product_url": "https://www.coles.com.au/product/sudafed-pe-sinus-pain-relief-+-anti-inflammatory-double-action-tablets-20-pack-1216231",
      "category": "down-down",
      "brand": null,
      "weight_size": null,
      "per_unit_price": "$0.63 per 1eaWas $16.50 on Jun 2025",
      "rating": 0,
      "review_count": 0,
      "in_stock": true,
      "is_on_sale": false,
      "scraped_at": "2025-08-05T17:41:39.798Z",
      "page_number": 1,
      "source_url": "https://www.coles.com.au/browse/down-down",
      "is_sponsored": null
    },
    {
      "title": "Nurofen Cold & Flu Ibuprofen 200mg Tablets | 24 pack",
      "current_price": 15.3,
      "original_price": null,
      "discount_percentage": null,
      "discount_amount": null,
      "image_url": "https://www.coles.com.au/_next/image?url=https%3A%2F%2Fcdn.productimages.coles.com.au%2Fproductimages%2F1%2F1216297.jpg&w=640&q=90",
      "product_url": "https://www.coles.com.au/product/nurofen-cold-and-flu-ibuprofen-200mg-tablets-24-pack-1216297",
      "category": "down-down",
      "brand": null,
      "weight_size": null,
      "per_unit_price": "$0.64 per 1eaWas $17.00 on Jun 2025",
      "rating": 0,
      "review_count": 0,
      "in_stock": true,
      "is_on_sale": false,
      "scraped_at": "2025-08-05T17:41:39.798Z",
      "page_number": 1,
      "source_url": "https://www.coles.com.au/browse/down-down",
      "is_sponsored": null
    },
    {
      "title": "Strepsils Plus Anaesthetic Lozenges | 36 pack",
      "current_price": 15,
      "original_price": null,
      "discount_percentage": null,
      "discount_amount": null,
      "image_url": "https://www.coles.com.au/_next/image?url=https%3A%2F%2Fcdn.productimages.coles.com.au%2Fproductimages%2F1%2F1216821.jpg&w=640&q=90",
      "product_url": "https://www.coles.com.au/product/strepsils-plus-anaesthetic-lozenges-36-pack-1216821",
      "category": "down-down",
      "brand": null,
      "weight_size": null,
      "per_unit_price": "$0.42 per 1eaWas $19.00 on Jun 2025",
      "rating": 0,
      "review_count": 0,
      "in_stock": true,
      "is_on_sale": false,
      "scraped_at": "2025-08-05T17:41:39.798Z",
      "page_number": 1,
      "source_url": "https://www.coles.com.au/browse/down-down",
      "is_sponsored": null
    },
    {
      "title": "Pampas Frozen Puff Pastry Sheets Regular | 1kg",
      "current_price": 5.5,
      "original_price": null,
      "discount_percentage": null,
      "discount_amount": null,
      "image_url": "https://www.coles.com.au/_next/image?url=https%3A%2F%2Fcdn.productimages.coles.com.au%2Fproductimages%2F1%2F125345.jpg&w=640&q=90",
      "product_url": "https://www.coles.com.au/product/pampas-frozen-puff-pastry-sheets-regular-1kg-125345",
      "category": "down-down",
      "brand": null,
      "weight_size": null,
      "per_unit_price": "$0.55 per 100gWas $6.50 on Jun 2025",
      "rating": 0,
      "review_count": 0,
      "in_stock": true,
      "is_on_sale": false,
      "scraped_at": "2025-08-05T17:41:39.798Z",
      "page_number": 1,
      "source_url": "https://www.coles.com.au/browse/down-down",
      "is_sponsored": null
    },
    {
      "title": "Batiste Medium Brunette Dry Shampoo | 200mL",
      "current_price": 10,
      "original_price": null,
      "discount_percentage": null,
      "discount_amount": null,
      "image_url": "https://www.coles.com.au/_next/image?url=https%3A%2F%2Fcdn.productimages.coles.com.au%2Fproductimages%2F1%2F1256826.jpg&w=640&q=90",
      "product_url": "https://www.coles.com.au/product/batiste-medium-brunette-dry-shampoo-200ml-1256826",
      "category": "down-down",
      "brand": null,
      "weight_size": null,
      "per_unit_price": "$5.00 per 100mLWas $14.00 on Jun 2025",
      "rating": 0,
      "review_count": 0,
      "in_stock": true,
      "is_on_sale": false,
      "scraped_at": "2025-08-05T17:41:39.798Z",
      "page_number": 1,
      "source_url": "https://www.coles.com.au/browse/down-down",
      "is_sponsored": null
    },
    {
      "title": "Batiste Floral & Flirty Blush Dry Shampoo | 200mL",
      "current_price": 10,
      "original_price": null,
      "discount_percentage": null,
      "discount_amount": null,
      "image_url": "https://www.coles.com.au/_next/image?url=https%3A%2F%2Fcdn.productimages.coles.com.au%2Fproductimages%2F1%2F1331342.jpg&w=640&q=90",
      "product_url": "https://www.coles.com.au/product/batiste-floral-and-flirty-blush-dry-shampoo-200ml-1331342",
      "category": "down-down",
      "brand": null,
      "weight_size": null,
      "per_unit_price": "$5.00 per 100mLWas $14.00 on Jun 2025",
      "rating": 0,
      "review_count": 0,
      "in_stock": true,
      "is_on_sale": false,
      "scraped_at": "2025-08-05T17:41:39.798Z",
      "page_number": 1,
      "source_url": "https://www.coles.com.au/browse/down-down",
      "is_sponsored": null
    },
    {
      "title": "Batiste Coconut & Exotic Tropical Dry Shampoo | 200mL",
      "current_price": 10,
      "original_price": null,
      "discount_percentage": null,
      "discount_amount": null,
      "image_url": "https://www.coles.com.au/_next/image?url=https%3A%2F%2Fcdn.productimages.coles.com.au%2Fproductimages%2F1%2F1331353.jpg&w=640&q=90",
      "product_url": "https://www.coles.com.au/product/batiste-coconut-and-exotic-tropical-dry-shampoo-200ml-1331353",
      "category": "down-down",
      "brand": null,
      "weight_size": null,
      "per_unit_price": "$5.00 per 100mLWas $14.00 on Jun 2025",
      "rating": 0,
      "review_count": 0,
      "in_stock": true,
      "is_on_sale": false,
      "scraped_at": "2025-08-05T17:41:39.798Z",
      "page_number": 1,
      "source_url": "https://www.coles.com.au/browse/down-down",
      "is_sponsored": null
    },
    {
      "title": "Saxa Natural Pink Himalayan Salt Grinder | 95g",
      "current_price": 5.5,
      "original_price": null,
      "discount_percentage": null,
      "discount_amount": null,
      "image_url": "https://www.coles.com.au/_next/image?url=https%3A%2F%2Fcdn.productimages.coles.com.au%2Fproductimages%2F1%2F1337189.jpg&w=640&q=90",
      "product_url": "https://www.coles.com.au/product/saxa-natural-pink-himalayan-salt-grinder-95g-1337189",
      "category": "down-down",
      "brand": null,
      "weight_size": null,
      "per_unit_price": "$0.58 per 10gWas $6.50 on Jun 2025",
      "rating": 0,
      "review_count": 0,
      "in_stock": true,
      "is_on_sale": false,
      "scraped_at": "2025-08-05T17:41:39.798Z",
      "page_number": 1,
      "source_url": "https://www.coles.com.au/browse/down-down",
      "is_sponsored": null
    },
    {
      "title": "Hot Kid Want Want Seaweed Rice Crackers | 160g",
      "current_price": 5,
      "original_price": null,
      "discount_percentage": null,
      "discount_amount": null,
      "image_url": "https://www.coles.com.au/_next/image?url=https%3A%2F%2Fcdn.productimages.coles.com.au%2Fproductimages%2F1%2F1403250.jpg&w=640&q=90",
      "product_url": "https://www.coles.com.au/product/hot-kid-want-want-seaweed-rice-crackers-160g-1403250",
      "category": "down-down",
      "brand": null,
      "weight_size": null,
      "per_unit_price": "$3.13 per 100gWas $5.50 on May 2025",
      "rating": 0,
      "review_count": 0,
      "in_stock": true,
      "is_on_sale": false,
      "scraped_at": "2025-08-05T17:41:39.798Z",
      "page_number": 1,
      "source_url": "https://www.coles.com.au/browse/down-down",
      "is_sponsored": null
    },
    {
      "title": "Liddells Lactose Free Cheese Block | 250g",
      "current_price": 6.75,
      "original_price": null,
      "discount_percentage": null,
      "discount_amount": null,
      "image_url": "https://www.coles.com.au/_next/image?url=https%3A%2F%2Fcdn.productimages.coles.com.au%2Fproductimages%2F1%2F1418291.jpg&w=640&q=90",
      "product_url": "https://www.coles.com.au/product/liddells-lactose-free-cheese-block-250g-1418291",
      "category": "down-down",
      "brand": null,
      "weight_size": null,
      "per_unit_price": "$27.00 per 1kgWas $7.50 on May 2025",
      "rating": 0,
      "review_count": 0,
      "in_stock": true,
      "is_on_sale": false,
      "scraped_at": "2025-08-05T17:41:39.798Z",
      "page_number": 1,
      "source_url": "https://www.coles.com.au/browse/down-down",
      "is_sponsored": null
    },
    {
      "title": "Liddells Lactose Free Shredded Cheese | 250g",
      "current_price": 6.75,
      "original_price": null,
      "discount_percentage": null,
      "discount_amount": null,
      "image_url": "https://www.coles.com.au/_next/image?url=https%3A%2F%2Fcdn.productimages.coles.com.au%2Fproductimages%2F1%2F1418305.jpg&w=640&q=90",
      "product_url": "https://www.coles.com.au/product/liddells-lactose-free-shredded-cheese-250g-1418305",
      "category": "down-down",
      "brand": null,
      "weight_size": null,
      "per_unit_price": "$27.00 per 1kgWas $7.50 on May 2025",
      "rating": 0,
      "review_count": 0,
      "in_stock": true,
      "is_on_sale": false,
      "scraped_at": "2025-08-05T17:41:39.798Z",
      "page_number": 1,
      "source_url": "https://www.coles.com.au/browse/down-down",
      "is_sponsored": null
    },
    {
      "title": "Chobani Greek Yogurt Pouch Strawberry | 140g",
      "current_price": 2.15,
      "original_price": null,
      "discount_percentage": null,
      "discount_amount": null,
      "image_url": "https://www.coles.com.au/_next/image?url=https%3A%2F%2Fcdn.productimages.coles.com.au%2Fproductimages%2F1%2F1434684.jpg&w=640&q=90",
      "product_url": "https://www.coles.com.au/product/chobani-greek-yogurt-pouch-strawberry-140g-1434684",
      "category": "down-down",
      "brand": null,
      "weight_size": null,
      "per_unit_price": "$1.54 per 100gWas $2.70 on May 2025",
      "rating": 0,
      "review_count": 0,
      "in_stock": true,
      "is_on_sale": false,
      "scraped_at": "2025-08-05T17:41:39.798Z",
      "page_number": 1,
      "source_url": "https://www.coles.com.au/browse/down-down",
      "is_sponsored": null
    },
    {
      "title": "Chobani Greek Yogurt Pouch Blueberry | 140g",
      "current_price": 2.15,
      "original_price": null,
      "discount_percentage": null,
      "discount_amount": null,
      "image_url": "https://www.coles.com.au/_next/image?url=https%3A%2F%2Fcdn.productimages.coles.com.au%2Fproductimages%2F1%2F1434720.jpg&w=640&q=90",
      "product_url": "https://www.coles.com.au/product/chobani-greek-yogurt-pouch-blueberry-140g-1434720",
      "category": "down-down",
      "brand": null,
      "weight_size": null,
      "per_unit_price": "$1.54 per 100gWas $2.70 on May 2025",
      "rating": 0,
      "review_count": 0,
      "in_stock": true,
      "is_on_sale": false,
      "scraped_at": "2025-08-05T17:41:39.798Z",
      "page_number": 1,
      "source_url": "https://www.coles.com.au/browse/down-down",
      "is_sponsored": null
    },
    {
      "title": "Tayto Cheese & Onion Chips | 35g",
      "current_price": 2.5,
      "original_price": null,
      "discount_percentage": null,
      "discount_amount": null,
      "image_url": "https://www.coles.com.au/_next/image?url=https%3A%2F%2Fcdn.productimages.coles.com.au%2Fproductimages%2F1%2F1437682.jpg&w=640&q=90",
      "product_url": "https://www.coles.com.au/product/tayto-cheese-and-onion-chips-35g-1437682",
      "category": "down-down",
      "brand": null,
      "weight_size": null,
      "per_unit_price": "$7.14 per 100gWas $3.00 on Jul 2025",
      "rating": 0,
      "review_count": 0,
      "in_stock": true,
      "is_on_sale": false,
      "scraped_at": "2025-08-05T17:41:39.798Z",
      "page_number": 1,
      "source_url": "https://www.coles.com.au/browse/down-down",
      "is_sponsored": null
    },
    {
      "title": "Chux Original Superwipes | 20 pack",
      "current_price": 5.85,
      "original_price": null,
      "discount_percentage": null,
      "discount_amount": null,
      "image_url": "https://www.coles.com.au/_next/image?url=https%3A%2F%2Fcdn.productimages.coles.com.au%2Fproductimages%2F1%2F147767.jpg&w=640&q=90",
      "product_url": "https://www.coles.com.au/product/chux-original-superwipes-20-pack-147767",
      "category": "down-down",
      "brand": null,
      "weight_size": null,
      "per_unit_price": "$0.29 per 1eaWas $6.50 on May 2025",
      "rating": 0,
      "review_count": 0,
      "in_stock": true,
      "is_on_sale": false,
      "scraped_at": "2025-08-05T17:41:39.798Z",
      "page_number": 1,
      "source_url": "https://www.coles.com.au/browse/down-down",
      "is_sponsored": null
    },
    {
      "title": "Robitussin Cold And Chesty Cough Cough Liquid Raspberry | 200mL",
      "current_price": 11,
      "original_price": null,
      "discount_percentage": null,
      "discount_amount": null,
      "image_url": "https://www.coles.com.au/_next/image?url=https%3A%2F%2Fcdn.productimages.coles.com.au%2Fproductimages%2F1%2F1484285.jpg&w=640&q=90",
      "product_url": "https://www.coles.com.au/product/robitussin-cold-and-chesty-cough-cough-liquid-raspberry-200ml-1484285",
      "category": "down-down",
      "brand": null,
      "weight_size": null,
      "per_unit_price": "$5.50 per 100mLWas $12.50 on Jun 2025",
      "rating": 0,
      "review_count": 0,
      "in_stock": true,
      "is_on_sale": false,
      "scraped_at": "2025-08-05T17:41:39.798Z",
      "page_number": 1,
      "source_url": "https://www.coles.com.au/browse/down-down",
      "is_sponsored": null
    },
    {
      "title": "Gumption Paste All Purpose Cleaner | 500g",
      "current_price": 4.8,
      "original_price": null,
      "discount_percentage": null,
      "discount_amount": null,
      "image_url": "https://www.coles.com.au/_next/image?url=https%3A%2F%2Fcdn.productimages.coles.com.au%2Fproductimages%2F1%2F159540.jpg&w=640&q=90",
      "product_url": "https://www.coles.com.au/product/gumption-paste-all-purpose-cleaner-500g-159540",
      "category": "down-down",
      "brand": null,
      "weight_size": null,
      "per_unit_price": "$0.96 per 100gWas $5.30 on May 2025",
      "rating": 0,
      "review_count": 0,
      "in_stock": true,
      "is_on_sale": false,
      "scraped_at": "2025-08-05T17:41:39.798Z",
      "page_number": 1,
      "source_url": "https://www.coles.com.au/browse/down-down",
      "is_sponsored": null
    },
    {
      "title": "Nicorette Quit Smoking Regular Strength Cooldrops Nicotine Lozenge  ... 80 pack",
      "current_price": 34,
      "original_price": null,
      "discount_percentage": null,
      "discount_amount": null,
      "image_url": "https://www.coles.com.au/_next/image?url=https%3A%2F%2Fcdn.productimages.coles.com.au%2Fproductimages%2F1%2F1744150.jpg&w=640&q=90",
      "product_url": "https://www.coles.com.au/product/nicorette-quit-smoking-regular-strength-cooldrops-nicotine-lozenge-icy-mint-80-pack-1744150",
      "category": "down-down",
      "brand": null,
      "weight_size": null,
      "per_unit_price": "$0.43 per 1eaWas $39.00 on Jun 2025",
      "rating": 3.8,
      "review_count": 12,
      "in_stock": true,
      "is_on_sale": false,
      "scraped_at": "2025-08-05T17:41:39.798Z",
      "page_number": 1,
      "source_url": "https://www.coles.com.au/browse/down-down",
      "is_sponsored": null
    },
    {
      "title": "Nicorette Quit Smoking Extra Strength Cooldrops Nicotine Lozenge  ... 80 pack",
      "current_price": 34,
      "original_price": null,
      "discount_percentage": null,
      "discount_amount": null,
      "image_url": "https://www.coles.com.au/_next/image?url=https%3A%2F%2Fcdn.productimages.coles.com.au%2Fproductimages%2F1%2F1744171.jpg&w=640&q=90",
      "product_url": "https://www.coles.com.au/product/nicorette-quit-smoking-extra-strength-cooldrops-nicotine-lozenge-icy-mint-80-pack-1744171",
      "category": "down-down",
      "brand": null,
      "weight_size": null,
      "per_unit_price": "$0.43 per 1eaWas $39.00 on Jun 2025",
      "rating": 3.8,
      "review_count": 12,
      "in_stock": true,
      "is_on_sale": false,
      "scraped_at": "2025-08-05T17:41:39.798Z",
      "page_number": 1,
      "source_url": "https://www.coles.com.au/browse/down-down",
      "is_sponsored": null
    },
    {
      "title": "Chobani Greek Yogurt Pouch Raspberry | 140g",
      "current_price": 2.15,
      "original_price": null,
      "discount_percentage": null,
      "discount_amount": null,
      "image_url": "https://www.coles.com.au/_next/image?url=https%3A%2F%2Fcdn.productimages.coles.com.au%2Fproductimages%2F1%2F1872885.jpg&w=640&q=90",
      "product_url": "https://www.coles.com.au/product/chobani-greek-yogurt-pouch-raspberry-140g-1872885",
      "category": "down-down",
      "brand": null,
      "weight_size": null,
      "per_unit_price": "$1.54 per 100gWas $2.70 on May 2025",
      "rating": 0,
      "review_count": 0,
      "in_stock": true,
      "is_on_sale": false,
      "scraped_at": "2025-08-05T17:41:39.798Z",
      "page_number": 1,
      "source_url": "https://www.coles.com.au/browse/down-down",
      "is_sponsored": null
    },
    {
      "title": "Nanna's Frozen Apple Pie | 600g",
      "current_price": 6.5,
      "original_price": null,
      "discount_percentage": null,
      "discount_amount": null,
      "image_url": "https://www.coles.com.au/_next/image?url=https%3A%2F%2Fcdn.productimages.coles.com.au%2Fproductimages%2F1%2F187477.jpg&w=640&q=90",
      "product_url": "https://www.coles.com.au/product/nanna's-frozen-apple-pie-600g-187477",
      "category": "down-down",
      "brand": null,
      "weight_size": null,
      "per_unit_price": "$1.08 per 100g",
      "rating": 0,
      "review_count": 0,
      "in_stock": true,
      "is_on_sale": false,
      "scraped_at": "2025-08-05T17:41:39.798Z",
      "page_number": 1,
      "source_url": "https://www.coles.com.au/browse/down-down",
      "is_sponsored": null
    },
    {
      "title": "Coca-Cola Soft Drink Coke | 2L",
      "current_price": 3.5,
      "original_price": null,
      "discount_percentage": null,
      "discount_amount": null,
      "image_url": "https://www.coles.com.au/_next/image?url=https%3A%2F%2Fcdn.productimages.coles.com.au%2Fproductimages%2F1%2F191736.jpg&w=640&q=90",
      "product_url": "https://www.coles.com.au/product/coca-cola-soft-drink-coke-2l-191736",
      "category": "down-down",
      "brand": null,
      "weight_size": null,
      "per_unit_price": "$1.75 per 1LWas $4.20 on Jun 2025",
      "rating": 0,
      "review_count": 0,
      "in_stock": true,
      "is_on_sale": false,
      "scraped_at": "2025-08-05T17:41:39.798Z",
      "page_number": 1,
      "source_url": "https://www.coles.com.au/browse/down-down",
      "is_sponsored": null
    },
    {
      "title": "Suimin Braised Beef Noodle Cup | 70g",
      "current_price": 2,
      "original_price": null,
      "discount_percentage": null,
      "discount_amount": null,
      "image_url": "https://www.coles.com.au/_next/image?url=https%3A%2F%2Fcdn.productimages.coles.com.au%2Fproductimages%2F1%2F192364.jpg&w=640&q=90",
      "product_url": "https://www.coles.com.au/product/suimin-braised-beef-noodle-cup-70g-192364",
      "category": "down-down",
      "brand": null,
      "weight_size": null,
      "per_unit_price": "$2.86 per 100gWas $2.40 on Jul 2025",
      "rating": 0,
      "review_count": 0,
      "in_stock": true,
      "is_on_sale": false,
      "scraped_at": "2025-08-05T17:41:39.798Z",
      "page_number": 1,
      "source_url": "https://www.coles.com.au/browse/down-down",
      "is_sponsored": null
    },
    {
      "title": "Suimin Prawn & Chicken Noodle Cup | 70g",
      "current_price": 2,
      "original_price": null,
      "discount_percentage": null,
      "discount_amount": null,
      "image_url": "https://www.coles.com.au/_next/image?url=https%3A%2F%2Fcdn.productimages.coles.com.au%2Fproductimages%2F1%2F192386.jpg&w=640&q=90",
      "product_url": "https://www.coles.com.au/product/suimin-prawn-and-chicken-noodle-cup-70g-192386",
      "category": "down-down",
      "brand": null,
      "weight_size": null,
      "per_unit_price": "$2.86 per 100gWas $2.40 on Jul 2025",
      "rating": 0,
      "review_count": 0,
      "in_stock": true,
      "is_on_sale": false,
      "scraped_at": "2025-08-05T17:41:39.798Z",
      "page_number": 1,
      "source_url": "https://www.coles.com.au/browse/down-down",
      "is_sponsored": null
    },
    {
      "title": "Devondale Butter Block Unsalted | 250g",
      "current_price": 4.6,
      "original_price": null,
      "discount_percentage": null,
      "discount_amount": null,
      "image_url": "https://www.coles.com.au/_next/image?url=https%3A%2F%2Fcdn.productimages.coles.com.au%2Fproductimages%2F1%2F1985917.jpg&w=640&q=90",
      "product_url": "https://www.coles.com.au/product/devondale-butter-block-unsalted-250g-1985917",
      "category": "down-down",
      "brand": null,
      "weight_size": null,
      "per_unit_price": "$1.84 per 100gWas $5.30 on Jul 2025",
      "rating": 0,
      "review_count": 0,
      "in_stock": true,
      "is_on_sale": false,
      "scraped_at": "2025-08-05T17:41:39.798Z",
      "page_number": 1,
      "source_url": "https://www.coles.com.au/browse/down-down",
      "is_sponsored": null
    },
    {
      "title": "Leggo's Tomato Paste Jar | 500g",
      "current_price": 4,
      "original_price": null,
      "discount_percentage": null,
      "discount_amount": null,
      "image_url": "https://www.coles.com.au/_next/image?url=https%3A%2F%2Fcdn.productimages.coles.com.au%2Fproductimages%2F2%2F200156.jpg&w=640&q=90",
      "product_url": "https://www.coles.com.au/product/leggo's-tomato-paste-jar-500g-200156",
      "category": "down-down",
      "brand": null,
      "weight_size": null,
      "per_unit_price": "$0.80 per 100gWas $4.80 on Jun 2025",
      "rating": 0,
      "review_count": 0,
      "in_stock": true,
      "is_on_sale": false,
      "scraped_at": "2025-08-05T17:41:39.798Z",
      "page_number": 1,
      "source_url": "https://www.coles.com.au/browse/down-down",
      "is_sponsored": null
    },
    {
      "title": "Coles RSPCA Approved Chicken Breast Steaks Lemon & Herb | 500g",
      "current_price": 9.5,
      "original_price": null,
      "discount_percentage": null,
      "discount_amount": null,
      "image_url": "https://www.coles.com.au/_next/image?url=https%3A%2F%2Fcdn.productimages.coles.com.au%2Fproductimages%2F2%2F2014119.jpg&w=640&q=90",
      "product_url": "https://www.coles.com.au/product/coles-rspca-approved-chicken-breast-steaks-lemon-and-herb-500g-2014119",
      "category": "down-down",
      "brand": null,
      "weight_size": null,
      "per_unit_price": "$19.00 per 1kgWas $11.50 on Jun 2025",
      "rating": 0,
      "review_count": 0,
      "in_stock": true,
      "is_on_sale": false,
      "scraped_at": "2025-08-05T17:41:39.798Z",
      "page_number": 1,
      "source_url": "https://www.coles.com.au/browse/down-down",
      "is_sponsored": null
    },
    {
      "title": "Suimin Curried Prawn Noodle Cup | 70g",
      "current_price": 2,
      "original_price": null,
      "discount_percentage": null,
      "discount_amount": null,
      "image_url": "https://www.coles.com.au/_next/image?url=https%3A%2F%2Fcdn.productimages.coles.com.au%2Fproductimages%2F2%2F202435.jpg&w=640&q=90",
      "product_url": "https://www.coles.com.au/product/suimin-curried-prawn-noodle-cup-70g-202435",
      "category": "down-down",
      "brand": null,
      "weight_size": null,
      "per_unit_price": "$2.86 per 100gWas $2.40 on Jul 2025",
      "rating": 0,
      "review_count": 0,
      "in_stock": true,
      "is_on_sale": false,
      "scraped_at": "2025-08-05T17:41:39.798Z",
      "page_number": 1,
      "source_url": "https://www.coles.com.au/browse/down-down",
      "is_sponsored": null
    },
    {
      "title": "Coles Stacked Chips Sour Cream & Onion | 160g",
      "current_price": 2,
      "original_price": null,
      "discount_percentage": null,
      "discount_amount": null,
      "image_url": "https://www.coles.com.au/_next/image?url=https%3A%2F%2Fcdn.productimages.coles.com.au%2Fproductimages%2F2%2F2072862.jpg&w=640&q=90",
      "product_url": "https://www.coles.com.au/product/coles-stacked-chips-sour-cream-and-onion-160g-2072862",
      "category": "down-down",
      "brand": null,
      "weight_size": null,
      "per_unit_price": "$1.25 per 100gWas $2.20 on Jul 2025",
      "rating": 0,
      "review_count": 0,
      "in_stock": true,
      "is_on_sale": false,
      "scraped_at": "2025-08-05T17:41:39.798Z",
      "page_number": 1,
      "source_url": "https://www.coles.com.au/browse/down-down",
      "is_sponsored": null
    },
    {
      "title": "Coles Stacked Chips Original | 160g",
      "current_price": 2,
      "original_price": null,
      "discount_percentage": null,
      "discount_amount": null,
      "image_url": "https://www.coles.com.au/_next/image?url=https%3A%2F%2Fcdn.productimages.coles.com.au%2Fproductimages%2F2%2F2072873.jpg&w=640&q=90",
      "product_url": "https://www.coles.com.au/product/coles-stacked-chips-original-160g-2072873",
      "category": "down-down",
      "brand": null,
      "weight_size": null,
      "per_unit_price": "$1.25 per 100gWas $2.20 on Jul 2025",
      "rating": 0,
      "review_count": 0,
      "in_stock": true,
      "is_on_sale": false,
      "scraped_at": "2025-08-05T17:41:39.798Z",
      "page_number": 1,
      "source_url": "https://www.coles.com.au/browse/down-down",
      "is_sponsored": null
    }
  ],
  "summary": {
    "total_products": 56,
    "products_on_sale": 0,
    "products_with_ratings": 56,
    "average_price": 8.191071428571428,
    "price_range": {
      "min": 2,
      "max": 34
    }
  }
}