{
  "extraction_info": {
    "timestamp": "2025-08-05T17:43:12.598Z",
    "page_url": "https://www.coles.com.au/browse/down-down?page=8",
    "category": "down-down",
    "page_number": 8,
    "selector_set_used": "high_confidence",
    "total_products": 57,
    "total_elements_found": 57
  },
  "products": [
    {
      "title": "Cheer Plant Based Sliced Cheese | 200g",
      "current_price": 6.3,
      "original_price": null,
      "discount_percentage": null,
      "discount_amount": null,
      "image_url": "https://www.coles.com.au/_next/image?url=https%3A%2F%2Fcdn.productimages.coles.com.au%2Fproductimages%2F6%2F6126351.jpg&w=640&q=90",
      "product_url": "https://www.coles.com.au/product/cheer-plant-based-sliced-cheese-200g-6126351",
      "category": "down-down",
      "brand": null,
      "weight_size": null,
      "per_unit_price": "$31.50 per 1kgWas $7.00 on May 2025",
      "rating": 4.5,
      "review_count": 10,
      "in_stock": true,
      "is_on_sale": false,
      "scraped_at": "2025-08-05T17:43:12.596Z",
      "page_number": 8,
      "source_url": "https://www.coles.com.au/browse/down-down?page=8",
      "is_sponsored": null
    },
    {
      "title": "Bellamy's Organic Porridge Baby Cereal | 125g",
      "current_price": 3.95,
      "original_price": null,
      "discount_percentage": null,
      "discount_amount": null,
      "image_url": "https://www.coles.com.au/_next/image?url=https%3A%2F%2Fcdn.productimages.coles.com.au%2Fproductimages%2F6%2F6038006.jpg&w=640&q=90",
      "product_url": "https://www.coles.com.au/product/bellamy's-organic-porridge-baby-cereal-125g-6038006",
      "category": "down-down",
      "brand": null,
      "weight_size": null,
      "per_unit_price": "$3.16 per 100gWas $4.40 on May 2025",
      "rating": 4.7,
      "review_count": 142,
      "in_stock": true,
      "is_on_sale": false,
      "scraped_at": "2025-08-05T17:43:12.596Z",
      "page_number": 8,
      "source_url": "https://www.coles.com.au/browse/down-down?page=8",
      "is_sponsored": true
    },
    {
      "title": "Panadol Cold And Flu Plus Decongestant | 16 pack",
      "current_price": 10.3,
      "original_price": null,
      "discount_percentage": null,
      "discount_amount": null,
      "image_url": "https://www.coles.com.au/_next/image?url=https%3A%2F%2Fcdn.productimages.coles.com.au%2Fproductimages%2F8%2F8799058.jpg&w=640&q=90",
      "product_url": "https://www.coles.com.au/product/panadol-cold-and-flu-plus-decongestant-16-pack-8799058",
      "category": "down-down",
      "brand": null,
      "weight_size": null,
      "per_unit_price": "$0.64 per 1eaWas $11.45 on Jun 2025",
      "rating": 0,
      "review_count": 0,
      "in_stock": true,
      "is_on_sale": false,
      "scraped_at": "2025-08-05T17:43:12.596Z",
      "page_number": 8,
      "source_url": "https://www.coles.com.au/browse/down-down?page=8",
      "is_sponsored": true
    },
    {
      "title": "Ziploc Freezer Bags Xlarge Resealable Food Storage | 10 Pack",
      "current_price": 4.5,
      "original_price": null,
      "discount_percentage": null,
      "discount_amount": null,
      "image_url": "https://www.coles.com.au/_next/image?url=https%3A%2F%2Fcdn.productimages.coles.com.au%2Fproductimages%2F6%2F6138317.jpg&w=640&q=90",
      "product_url": "https://www.coles.com.au/product/ziploc-freezer-bags-xlarge-resealable-food-storage-10-pack-6138317",
      "category": "down-down",
      "brand": null,
      "weight_size": null,
      "per_unit_price": "$0.45 per 1eaWas $5.50 on May 2025",
      "rating": 0,
      "review_count": 0,
      "in_stock": true,
      "is_on_sale": false,
      "scraped_at": "2025-08-05T17:43:12.596Z",
      "page_number": 8,
      "source_url": "https://www.coles.com.au/browse/down-down?page=8",
      "is_sponsored": true
    },
    {
      "title": "Nyal Ibuprofen Tablets | 24 pack",
      "current_price": 4,
      "original_price": null,
      "discount_percentage": null,
      "discount_amount": null,
      "image_url": "https://www.coles.com.au/_next/image?url=https%3A%2F%2Fcdn.productimages.coles.com.au%2Fproductimages%2F4%2F4968437.jpg&w=640&q=90",
      "product_url": "https://www.coles.com.au/product/nyal-ibuprofen-tablets-24-pack-4968437",
      "category": "down-down",
      "brand": null,
      "weight_size": null,
      "per_unit_price": "$0.17 per 1eaWas $5.00 on Jun 2025",
      "rating": 0,
      "review_count": 0,
      "in_stock": true,
      "is_on_sale": false,
      "scraped_at": "2025-08-05T17:43:12.596Z",
      "page_number": 8,
      "source_url": "https://www.coles.com.au/browse/down-down?page=8",
      "is_sponsored": true
    },
    {
      "title": "Danone The Ultimate Golden Honey Yoghurt 4x115g | 4 Pack",
      "current_price": 4.5,
      "original_price": null,
      "discount_percentage": null,
      "discount_amount": null,
      "image_url": "https://www.coles.com.au/_next/image?url=https%3A%2F%2Fcdn.productimages.coles.com.au%2Fproductimages%2F3%2F3310139.jpg&w=640&q=90",
      "product_url": "https://www.coles.com.au/product/danone-the-ultimate-golden-honey-yoghurt-4x115g-4-pack-3310139",
      "category": "down-down",
      "brand": null,
      "weight_size": null,
      "per_unit_price": "$0.98 per 100gWas $5.75 on Jun 2025",
      "rating": 0,
      "review_count": 0,
      "in_stock": true,
      "is_on_sale": false,
      "scraped_at": "2025-08-05T17:43:12.596Z",
      "page_number": 8,
      "source_url": "https://www.coles.com.au/browse/down-down?page=8",
      "is_sponsored": true
    },
    {
      "title": "Herron Nicaway Nicotine Lozenge 2mg | 72 pack",
      "current_price": 22,
      "original_price": null,
      "discount_percentage": null,
      "discount_amount": null,
      "image_url": "https://www.coles.com.au/_next/image?url=https%3A%2F%2Fcdn.productimages.coles.com.au%2Fproductimages%2F3%2F3058390.jpg&w=640&q=90",
      "product_url": "https://www.coles.com.au/product/herron-nicaway-nicotine-lozenge-2mg-72-pack-3058390",
      "category": "down-down",
      "brand": null,
      "weight_size": null,
      "per_unit_price": "$0.31 per 1eaWas $26.00 on Aug 2025",
      "rating": 0,
      "review_count": 0,
      "in_stock": true,
      "is_on_sale": false,
      "scraped_at": "2025-08-05T17:43:12.596Z",
      "page_number": 8,
      "source_url": "https://www.coles.com.au/browse/down-down?page=8",
      "is_sponsored": true
    },
    {
      "title": "Obela Hommus To Go Dip & Crackers High Protein Jalapeno | 125g",
      "current_price": 3.9,
      "original_price": null,
      "discount_percentage": null,
      "discount_amount": null,
      "image_url": "https://www.coles.com.au/_next/image?url=https%3A%2F%2Fcdn.productimages.coles.com.au%2Fproductimages%2F8%2F8684883.jpg&w=640&q=90",
      "product_url": "https://www.coles.com.au/product/obela-hommus-to-go-dip-and-crackers-high-protein-jalapeno-125g-8684883",
      "category": "down-down",
      "brand": null,
      "weight_size": null,
      "per_unit_price": "$3.12 per 100gWas $4.50 on Jun 2025",
      "rating": 0,
      "review_count": 0,
      "in_stock": true,
      "is_on_sale": false,
      "scraped_at": "2025-08-05T17:43:12.597Z",
      "page_number": 8,
      "source_url": "https://www.coles.com.au/browse/down-down?page=8",
      "is_sponsored": true
    },
    {
      "title": "Bulldog Original Moisturiser Skincare For Men | 100mL",
      "current_price": 9.5,
      "original_price": null,
      "discount_percentage": null,
      "discount_amount": null,
      "image_url": "https://www.coles.com.au/_next/image?url=https%3A%2F%2Fcdn.productimages.coles.com.au%2Fproductimages%2F3%2F3365844.jpg&w=640&q=90",
      "product_url": "https://www.coles.com.au/product/bulldog-original-moisturiser-skincare-for-men-100ml-3365844",
      "category": "down-down",
      "brand": null,
      "weight_size": null,
      "per_unit_price": "$9.50 per 100mLWas $15.00 on Jun 2025",
      "rating": 0,
      "review_count": 0,
      "in_stock": true,
      "is_on_sale": false,
      "scraped_at": "2025-08-05T17:43:12.597Z",
      "page_number": 8,
      "source_url": "https://www.coles.com.au/browse/down-down?page=8",
      "is_sponsored": true
    },
    {
      "title": "Obela Hommus To Go Dip & Crackers High Protein Classic | 125g",
      "current_price": 3.9,
      "original_price": null,
      "discount_percentage": null,
      "discount_amount": null,
      "image_url": "https://www.coles.com.au/_next/image?url=https%3A%2F%2Fcdn.productimages.coles.com.au%2Fproductimages%2F8%2F8544126.jpg&w=640&q=90",
      "product_url": "https://www.coles.com.au/product/obela-hommus-to-go-dip-and-crackers-high-protein-classic-125g-8544126",
      "category": "down-down",
      "brand": null,
      "weight_size": null,
      "per_unit_price": "$3.12 per 100gWas $4.50 on Jun 2025",
      "rating": 0,
      "review_count": 0,
      "in_stock": true,
      "is_on_sale": false,
      "scraped_at": "2025-08-05T17:43:12.597Z",
      "page_number": 8,
      "source_url": "https://www.coles.com.au/browse/down-down?page=8",
      "is_sponsored": true
    },
    {
      "title": "Batiste Blush Dry Shampoo | 350mL",
      "current_price": 15,
      "original_price": null,
      "discount_percentage": null,
      "discount_amount": null,
      "image_url": "https://www.coles.com.au/_next/image?url=https%3A%2F%2Fcdn.productimages.coles.com.au%2Fproductimages%2F4%2F4253799.jpg&w=640&q=90",
      "product_url": "https://www.coles.com.au/product/batiste-blush-dry-shampoo-350ml-4253799",
      "category": "down-down",
      "brand": null,
      "weight_size": null,
      "per_unit_price": "$4.29 per 100mLWas $19.00 on Jun 2025",
      "rating": 0,
      "review_count": 0,
      "in_stock": true,
      "is_on_sale": false,
      "scraped_at": "2025-08-05T17:43:12.597Z",
      "page_number": 8,
      "source_url": "https://www.coles.com.au/browse/down-down?page=8",
      "is_sponsored": true
    },
    {
      "title": "Moxie Tampons 100% Organic Cotton Regular | 16 pack",
      "current_price": 4.5,
      "original_price": null,
      "discount_percentage": null,
      "discount_amount": null,
      "image_url": "https://www.coles.com.au/_next/image?url=https%3A%2F%2Fcdn.productimages.coles.com.au%2Fproductimages%2F6%2F6126690.jpg&w=640&q=90",
      "product_url": "https://www.coles.com.au/product/moxie-tampons-100percent-organic-cotton-regular-16-pack-6126690",
      "category": "down-down",
      "brand": null,
      "weight_size": null,
      "per_unit_price": "$0.28 per 1eaWas $5.90 on Jul 2025",
      "rating": 0,
      "review_count": 0,
      "in_stock": true,
      "is_on_sale": false,
      "scraped_at": "2025-08-05T17:43:12.597Z",
      "page_number": 8,
      "source_url": "https://www.coles.com.au/browse/down-down?page=8",
      "is_sponsored": null
    },
    {
      "title": "Moxie Liners Organic Ultra Thin | 26 pack",
      "current_price": 4.5,
      "original_price": null,
      "discount_percentage": null,
      "discount_amount": null,
      "image_url": "https://www.coles.com.au/_next/image?url=https%3A%2F%2Fcdn.productimages.coles.com.au%2Fproductimages%2F6%2F6126792.jpg&w=640&q=90",
      "product_url": "https://www.coles.com.au/product/moxie-liners-organic-ultra-thin-26-pack-6126792",
      "category": "down-down",
      "brand": null,
      "weight_size": null,
      "per_unit_price": "$0.17 per 1eaWas $5.90 on Jul 2025",
      "rating": 0,
      "review_count": 0,
      "in_stock": true,
      "is_on_sale": false,
      "scraped_at": "2025-08-05T17:43:12.597Z",
      "page_number": 8,
      "source_url": "https://www.coles.com.au/browse/down-down?page=8",
      "is_sponsored": null
    },
    {
      "title": "Moxie Pads Organic Overnight | 8 pack",
      "current_price": 4.5,
      "original_price": null,
      "discount_percentage": null,
      "discount_amount": null,
      "image_url": "https://www.coles.com.au/_next/image?url=https%3A%2F%2Fcdn.productimages.coles.com.au%2Fproductimages%2F6%2F6127263.jpg&w=640&q=90",
      "product_url": "https://www.coles.com.au/product/moxie-pads-organic-overnight-8-pack-6127263",
      "category": "down-down",
      "brand": null,
      "weight_size": null,
      "per_unit_price": "$0.56 per 1eaWas $5.90 on Jul 2025",
      "rating": 0,
      "review_count": 0,
      "in_stock": true,
      "is_on_sale": false,
      "scraped_at": "2025-08-05T17:43:12.597Z",
      "page_number": 8,
      "source_url": "https://www.coles.com.au/browse/down-down?page=8",
      "is_sponsored": null
    },
    {
      "title": "Moxie Pads Organic Day Regular | 10 pack",
      "current_price": 4.5,
      "original_price": null,
      "discount_percentage": null,
      "discount_amount": null,
      "image_url": "https://www.coles.com.au/_next/image?url=https%3A%2F%2Fcdn.productimages.coles.com.au%2Fproductimages%2F6%2F6127365.jpg&w=640&q=90",
      "product_url": "https://www.coles.com.au/product/moxie-pads-organic-day-regular-10-pack-6127365",
      "category": "down-down",
      "brand": null,
      "weight_size": null,
      "per_unit_price": "$0.45 per 1eaWas $5.90 on Jul 2025",
      "rating": 0,
      "review_count": 0,
      "in_stock": true,
      "is_on_sale": false,
      "scraped_at": "2025-08-05T17:43:12.597Z",
      "page_number": 8,
      "source_url": "https://www.coles.com.au/browse/down-down?page=8",
      "is_sponsored": null
    },
    {
      "title": "My Dog Shredded Meals Beef Dog Food | 100g",
      "current_price": 1.4,
      "original_price": null,
      "discount_percentage": null,
      "discount_amount": null,
      "image_url": "https://www.coles.com.au/_next/image?url=https%3A%2F%2Fcdn.productimages.coles.com.au%2Fproductimages%2F6%2F6131974.jpg&w=640&q=90",
      "product_url": "https://www.coles.com.au/product/my-dog-shredded-meals-beef-dog-food-100g-6131974",
      "category": "down-down",
      "brand": null,
      "weight_size": null,
      "per_unit_price": "$1.40 per 100gWas $1.90 on Jul 2025",
      "rating": 4.7,
      "review_count": 369,
      "in_stock": true,
      "is_on_sale": false,
      "scraped_at": "2025-08-05T17:43:12.597Z",
      "page_number": 8,
      "source_url": "https://www.coles.com.au/browse/down-down?page=8",
      "is_sponsored": null
    },
    {
      "title": "My Dog Shredded Meals Chicken Dog Food | 100g",
      "current_price": 1.4,
      "original_price": null,
      "discount_percentage": null,
      "discount_amount": null,
      "image_url": "https://www.coles.com.au/_next/image?url=https%3A%2F%2Fcdn.productimages.coles.com.au%2Fproductimages%2F6%2F6132015.jpg&w=640&q=90",
      "product_url": "https://www.coles.com.au/product/my-dog-shredded-meals-chicken-dog-food-100g-6132015",
      "category": "down-down",
      "brand": null,
      "weight_size": null,
      "per_unit_price": "$1.40 per 100gWas $1.90 on Jul 2025",
      "rating": 4.7,
      "review_count": 452,
      "in_stock": true,
      "is_on_sale": false,
      "scraped_at": "2025-08-05T17:43:12.597Z",
      "page_number": 8,
      "source_url": "https://www.coles.com.au/browse/down-down?page=8",
      "is_sponsored": null
    },
    {
      "title": "Green Nation Soy Wax Candle Vanilla 200g | 1 each",
      "current_price": 14,
      "original_price": null,
      "discount_percentage": null,
      "discount_amount": null,
      "image_url": "https://www.coles.com.au/_next/image?url=https%3A%2F%2Fcdn.productimages.coles.com.au%2Fproductimages%2F6%2F6134214.jpg&w=640&q=90",
      "product_url": "https://www.coles.com.au/product/green-nation-soy-wax-candle-vanilla-200g-1-each-6134214",
      "category": "down-down",
      "brand": null,
      "weight_size": null,
      "per_unit_price": "$14.00 per 1eaWas $16.00 on May 2025",
      "rating": 0,
      "review_count": 0,
      "in_stock": true,
      "is_on_sale": false,
      "scraped_at": "2025-08-05T17:43:12.597Z",
      "page_number": 8,
      "source_url": "https://www.coles.com.au/browse/down-down?page=8",
      "is_sponsored": null
    },
    {
      "title": "Green Nation Air Freshener Vanilla + Coconut | 200mL",
      "current_price": 5,
      "original_price": null,
      "discount_percentage": null,
      "discount_amount": null,
      "image_url": "https://www.coles.com.au/_next/image?url=https%3A%2F%2Fcdn.productimages.coles.com.au%2Fproductimages%2F6%2F6134360.jpg&w=640&q=90",
      "product_url": "https://www.coles.com.au/product/green-nation-air-freshener-vanilla-+-coconut-200ml-6134360",
      "category": "down-down",
      "brand": null,
      "weight_size": null,
      "per_unit_price": "$2.50 per 100mLWas $6.00 on May 2025",
      "rating": 0,
      "review_count": 0,
      "in_stock": true,
      "is_on_sale": false,
      "scraped_at": "2025-08-05T17:43:12.597Z",
      "page_number": 8,
      "source_url": "https://www.coles.com.au/browse/down-down?page=8",
      "is_sponsored": null
    },
    {
      "title": "Green Nation Air Freshener Sandalwood & Cedar | 200mL",
      "current_price": 5,
      "original_price": null,
      "discount_percentage": null,
      "discount_amount": null,
      "image_url": "https://www.coles.com.au/_next/image?url=https%3A%2F%2Fcdn.productimages.coles.com.au%2Fproductimages%2F6%2F6134382.jpg&w=640&q=90",
      "product_url": "https://www.coles.com.au/product/green-nation-air-freshener-sandalwood-and-cedar-200ml-6134382",
      "category": "down-down",
      "brand": null,
      "weight_size": null,
      "per_unit_price": "$2.50 per 100mLWas $6.00 on May 2025",
      "rating": 0,
      "review_count": 0,
      "in_stock": true,
      "is_on_sale": false,
      "scraped_at": "2025-08-05T17:43:12.597Z",
      "page_number": 8,
      "source_url": "https://www.coles.com.au/browse/down-down?page=8",
      "is_sponsored": null
    },
    {
      "title": "Green Nation Air Freshener Mandarin & Lemon Myrtle | 200mL",
      "current_price": 5,
      "original_price": null,
      "discount_percentage": null,
      "discount_amount": null,
      "image_url": "https://www.coles.com.au/_next/image?url=https%3A%2F%2Fcdn.productimages.coles.com.au%2Fproductimages%2F6%2F6134393.jpg&w=640&q=90",
      "product_url": "https://www.coles.com.au/product/green-nation-air-freshener-mandarin-and-lemon-myrtle-200ml-6134393",
      "category": "down-down",
      "brand": null,
      "weight_size": null,
      "per_unit_price": "$2.50 per 100mLWas $6.00 on May 2025",
      "rating": 0,
      "review_count": 0,
      "in_stock": true,
      "is_on_sale": false,
      "scraped_at": "2025-08-05T17:43:12.597Z",
      "page_number": 8,
      "source_url": "https://www.coles.com.au/browse/down-down?page=8",
      "is_sponsored": null
    },
    {
      "title": "Travacalm Ginger | 10 pack",
      "current_price": 4.5,
      "original_price": null,
      "discount_percentage": null,
      "discount_amount": null,
      "image_url": "https://www.coles.com.au/_next/image?url=https%3A%2F%2Fcdn.productimages.coles.com.au%2Fproductimages%2F6%2F6138179.jpg&w=640&q=90",
      "product_url": "https://www.coles.com.au/product/travacalm-ginger-10-pack-6138179",
      "category": "down-down",
      "brand": null,
      "weight_size": null,
      "per_unit_price": "$0.45 per 1eaWas $5.50 on Jul 2025",
      "rating": 0,
      "review_count": 0,
      "in_stock": true,
      "is_on_sale": false,
      "scraped_at": "2025-08-05T17:43:12.597Z",
      "page_number": 8,
      "source_url": "https://www.coles.com.au/browse/down-down?page=8",
      "is_sponsored": null
    },
    {
      "title": "Coles Kitchen Veggie Mash | 320g",
      "current_price": 5,
      "original_price": null,
      "discount_percentage": null,
      "discount_amount": null,
      "image_url": "https://www.coles.com.au/_next/image?url=https%3A%2F%2Fcdn.productimages.coles.com.au%2Fproductimages%2F6%2F6140385.jpg&w=640&q=90",
      "product_url": "https://www.coles.com.au/product/coles-kitchen-veggie-mash-320g-6140385",
      "category": "down-down",
      "brand": null,
      "weight_size": null,
      "per_unit_price": "$15.63 per 1kgWas $5.50 on Apr 2024",
      "rating": 0,
      "review_count": 0,
      "in_stock": true,
      "is_on_sale": false,
      "scraped_at": "2025-08-05T17:43:12.597Z",
      "page_number": 8,
      "source_url": "https://www.coles.com.au/browse/down-down?page=8",
      "is_sponsored": null
    },
    {
      "title": "Coles Dairy Cheese Brie Wrapped | 125g",
      "current_price": 2.7,
      "original_price": null,
      "discount_percentage": null,
      "discount_amount": null,
      "image_url": "https://www.coles.com.au/_next/image?url=https%3A%2F%2Fcdn.productimages.coles.com.au%2Fproductimages%2F6%2F6169489.jpg&w=640&q=90",
      "product_url": "https://www.coles.com.au/product/coles-dairy-cheese-brie-wrapped-125g-6169489",
      "category": "down-down",
      "brand": null,
      "weight_size": null,
      "per_unit_price": "$21.60 per 1kgWas $3.00 on Jun 2025",
      "rating": 0,
      "review_count": 0,
      "in_stock": true,
      "is_on_sale": false,
      "scraped_at": "2025-08-05T17:43:12.597Z",
      "page_number": 8,
      "source_url": "https://www.coles.com.au/browse/down-down?page=8",
      "is_sponsored": null
    },
    {
      "title": "Coles Dairy Cheese Camembert Wrapped | 125g",
      "current_price": 2.7,
      "original_price": null,
      "discount_percentage": null,
      "discount_amount": null,
      "image_url": "https://www.coles.com.au/_next/image?url=https%3A%2F%2Fcdn.productimages.coles.com.au%2Fproductimages%2F6%2F6169580.jpg&w=640&q=90",
      "product_url": "https://www.coles.com.au/product/coles-dairy-cheese-camembert-wrapped-125g-6169580",
      "category": "down-down",
      "brand": null,
      "weight_size": null,
      "per_unit_price": "$21.60 per 1kgWas $3.00 on Jun 2025",
      "rating": 0,
      "review_count": 0,
      "in_stock": true,
      "is_on_sale": false,
      "scraped_at": "2025-08-05T17:43:12.597Z",
      "page_number": 8,
      "source_url": "https://www.coles.com.au/browse/down-down?page=8",
      "is_sponsored": null
    },
    {
      "title": "Lavazza Espresso Barista Gran Crema Coffee Beans | 500g",
      "current_price": 18,
      "original_price": null,
      "discount_percentage": null,
      "discount_amount": null,
      "image_url": "https://www.coles.com.au/_next/image?url=https%3A%2F%2Fcdn.productimages.coles.com.au%2Fproductimages%2F6%2F6205980.jpg&w=640&q=90",
      "product_url": "https://www.coles.com.au/product/lavazza-espresso-barista-gran-crema-coffee-beans-500g-6205980",
      "category": "down-down",
      "brand": null,
      "weight_size": null,
      "per_unit_price": "$3.60 per 100gWas $31.00 on May 2025",
      "rating": 0,
      "review_count": 0,
      "in_stock": true,
      "is_on_sale": false,
      "scraped_at": "2025-08-05T17:43:12.597Z",
      "page_number": 8,
      "source_url": "https://www.coles.com.au/browse/down-down?page=8",
      "is_sponsored": null
    },
    {
      "title": "Baby Mum-Mum Melts 80g | 1 each",
      "current_price": 2.85,
      "original_price": null,
      "discount_percentage": null,
      "discount_amount": null,
      "image_url": "https://www.coles.com.au/_next/image?url=https%3A%2F%2Fcdn.productimages.coles.com.au%2Fproductimages%2F6%2F6252469.jpg&w=640&q=90",
      "product_url": "https://www.coles.com.au/product/baby-mum-mum-melts-80g-1-each-6252469",
      "category": "down-down",
      "brand": null,
      "weight_size": null,
      "per_unit_price": "$3.56 per 100gWas $3.85 on Jul 2025",
      "rating": 0,
      "review_count": 0,
      "in_stock": true,
      "is_on_sale": false,
      "scraped_at": "2025-08-05T17:43:12.597Z",
      "page_number": 8,
      "source_url": "https://www.coles.com.au/browse/down-down?page=8",
      "is_sponsored": null
    },
    {
      "title": "Youfoodz Fueld BBQ Chicken & Cheesy Mac | 410g",
      "current_price": 10.8,
      "original_price": null,
      "discount_percentage": null,
      "discount_amount": null,
      "image_url": "https://www.coles.com.au/_next/image?url=https%3A%2F%2Fcdn.productimages.coles.com.au%2Fproductimages%2F6%2F6261266.jpg&w=640&q=90",
      "product_url": "https://www.coles.com.au/product/youfoodz-fueld-bbq-chicken-and-cheesy-mac-410g-6261266",
      "category": "down-down",
      "brand": null,
      "weight_size": null,
      "per_unit_price": "$2.63 per 100gWas $12.00 on Jun 2025",
      "rating": 0,
      "review_count": 0,
      "in_stock": true,
      "is_on_sale": false,
      "scraped_at": "2025-08-05T17:43:12.597Z",
      "page_number": 8,
      "source_url": "https://www.coles.com.au/browse/down-down?page=8",
      "is_sponsored": null
    },
    {
      "title": "Leggo's Tomato Paste No Added Salt | 500g",
      "current_price": 4,
      "original_price": null,
      "discount_percentage": null,
      "discount_amount": null,
      "image_url": "https://www.coles.com.au/_next/image?url=https%3A%2F%2Fcdn.productimages.coles.com.au%2Fproductimages%2F6%2F6272036.jpg&w=640&q=90",
      "product_url": "https://www.coles.com.au/product/leggo's-tomato-paste-no-added-salt-500g-6272036",
      "category": "down-down",
      "brand": null,
      "weight_size": null,
      "per_unit_price": "$0.80 per 100gWas $4.80 on Jun 2025",
      "rating": 0,
      "review_count": 0,
      "in_stock": true,
      "is_on_sale": false,
      "scraped_at": "2025-08-05T17:43:12.597Z",
      "page_number": 8,
      "source_url": "https://www.coles.com.au/browse/down-down?page=8",
      "is_sponsored": null
    },
    {
      "title": "Little Bellies Organic Carrot & Cinnamon Paws 10+ Months | 12g",
      "current_price": 1.8,
      "original_price": null,
      "discount_percentage": null,
      "discount_amount": null,
      "image_url": "https://www.coles.com.au/_next/image?url=https%3A%2F%2Fcdn.productimages.coles.com.au%2Fproductimages%2F6%2F6293660.jpg&w=640&q=90",
      "product_url": "https://www.coles.com.au/product/little-bellies-organic-carrot-and-cinnamon-paws-10+-months-12g-6293660",
      "category": "down-down",
      "brand": null,
      "weight_size": null,
      "per_unit_price": "$15.00 per 100gWas $2.00 on May 2025",
      "rating": 4.6,
      "review_count": 66,
      "in_stock": true,
      "is_on_sale": false,
      "scraped_at": "2025-08-05T17:43:12.597Z",
      "page_number": 8,
      "source_url": "https://www.coles.com.au/browse/down-down?page=8",
      "is_sponsored": null
    },
    {
      "title": "Jed's No.3 Strong Coffee Beans | 1kg",
      "current_price": 35,
      "original_price": null,
      "discount_percentage": null,
      "discount_amount": null,
      "image_url": "https://www.coles.com.au/_next/image?url=https%3A%2F%2Fcdn.productimages.coles.com.au%2Fproductimages%2F6%2F6314180.jpg&w=640&q=90",
      "product_url": "https://www.coles.com.au/product/jed's-no.3-strong-coffee-beans-1kg-6314180",
      "category": "down-down",
      "brand": null,
      "weight_size": null,
      "per_unit_price": "$3.50 per 100gWas $50.00 on Jul 2025",
      "rating": 0,
      "review_count": 0,
      "in_stock": true,
      "is_on_sale": false,
      "scraped_at": "2025-08-05T17:43:12.597Z",
      "page_number": 8,
      "source_url": "https://www.coles.com.au/browse/down-down?page=8",
      "is_sponsored": null
    },
    {
      "title": "Jed's No.5 Extra Strong Coffee Beans | 1kg",
      "current_price": 35,
      "original_price": null,
      "discount_percentage": null,
      "discount_amount": null,
      "image_url": "https://www.coles.com.au/_next/image?url=https%3A%2F%2Fcdn.productimages.coles.com.au%2Fproductimages%2F6%2F6314216.jpg&w=640&q=90",
      "product_url": "https://www.coles.com.au/product/jed's-no.5-extra-strong-coffee-beans-1kg-6314216",
      "category": "down-down",
      "brand": null,
      "weight_size": null,
      "per_unit_price": "$3.50 per 100gWas $50.00 on Jul 2025",
      "rating": 0,
      "review_count": 0,
      "in_stock": true,
      "is_on_sale": false,
      "scraped_at": "2025-08-05T17:43:12.597Z",
      "page_number": 8,
      "source_url": "https://www.coles.com.au/browse/down-down?page=8",
      "is_sponsored": null
    },
    {
      "title": "Jed's No.x Extreme Coffee Beans | 1kg",
      "current_price": 35,
      "original_price": null,
      "discount_percentage": null,
      "discount_amount": null,
      "image_url": "https://www.coles.com.au/_next/image?url=https%3A%2F%2Fcdn.productimages.coles.com.au%2Fproductimages%2F6%2F6314227.jpg&w=640&q=90",
      "product_url": "https://www.coles.com.au/product/jed's-no.x-extreme-coffee-beans-1kg-6314227",
      "category": "down-down",
      "brand": null,
      "weight_size": null,
      "per_unit_price": "$3.50 per 100gWas $50.00 on Jul 2025",
      "rating": 0,
      "review_count": 0,
      "in_stock": true,
      "is_on_sale": false,
      "scraped_at": "2025-08-05T17:43:12.597Z",
      "page_number": 8,
      "source_url": "https://www.coles.com.au/browse/down-down?page=8",
      "is_sponsored": null
    },
    {
      "title": "Green's Maple Flavoured Syrup | 375g",
      "current_price": 3.4,
      "original_price": null,
      "discount_percentage": null,
      "discount_amount": null,
      "image_url": "https://www.coles.com.au/_next/image?url=https%3A%2F%2Fcdn.productimages.coles.com.au%2Fproductimages%2F6%2F6318498.jpg&w=640&q=90",
      "product_url": "https://www.coles.com.au/product/green's-maple-flavoured-syrup-375g-6318498",
      "category": "down-down",
      "brand": null,
      "weight_size": null,
      "per_unit_price": "$0.91 per 100gWas $4.00 on Jun 2025",
      "rating": 0,
      "review_count": 0,
      "in_stock": true,
      "is_on_sale": false,
      "scraped_at": "2025-08-05T17:43:12.597Z",
      "page_number": 8,
      "source_url": "https://www.coles.com.au/browse/down-down?page=8",
      "is_sponsored": null
    },
    {
      "title": "Pine O Cleen Pomegranate Floor Disinfectant Liquid | 1.5L",
      "current_price": 7,
      "original_price": null,
      "discount_percentage": null,
      "discount_amount": null,
      "image_url": "https://www.coles.com.au/_next/image?url=https%3A%2F%2Fcdn.productimages.coles.com.au%2Fproductimages%2F6%2F6322509.jpg&w=640&q=90",
      "product_url": "https://www.coles.com.au/product/pine-o-cleen-pomegranate-floor-disinfectant-liquid-1.5l-6322509",
      "category": "down-down",
      "brand": null,
      "weight_size": null,
      "per_unit_price": "$0.47 per 100mLWas $10.00 on Jun 2025",
      "rating": 4.5,
      "review_count": 30,
      "in_stock": true,
      "is_on_sale": false,
      "scraped_at": "2025-08-05T17:43:12.597Z",
      "page_number": 8,
      "source_url": "https://www.coles.com.au/browse/down-down?page=8",
      "is_sponsored": null
    },
    {
      "title": "Thankyou Universal Cleaner Fragrance Free Refill | 1L",
      "current_price": 7.95,
      "original_price": null,
      "discount_percentage": null,
      "discount_amount": null,
      "image_url": "https://www.coles.com.au/_next/image?url=https%3A%2F%2Fcdn.productimages.coles.com.au%2Fproductimages%2F6%2F6347292.jpg&w=640&q=90",
      "product_url": "https://www.coles.com.au/product/thankyou-universal-cleaner-fragrance-free-refill-1l-6347292",
      "category": "down-down",
      "brand": null,
      "weight_size": null,
      "per_unit_price": "$0.80 per 100mLWas $15.95 on Jul 2025",
      "rating": 0,
      "review_count": 0,
      "in_stock": true,
      "is_on_sale": false,
      "scraped_at": "2025-08-05T17:43:12.597Z",
      "page_number": 8,
      "source_url": "https://www.coles.com.au/browse/down-down?page=8",
      "is_sponsored": null
    },
    {
      "title": "Thankyou Forever Bottle White Aluminium Trigger Spray | 500mL",
      "current_price": 8.95,
      "original_price": null,
      "discount_percentage": null,
      "discount_amount": null,
      "image_url": "https://www.coles.com.au/_next/image?url=https%3A%2F%2Fcdn.productimages.coles.com.au%2Fproductimages%2F6%2F6347372.jpg&w=640&q=90",
      "product_url": "https://www.coles.com.au/product/thankyou-forever-bottle-white-aluminium-trigger-spray-500ml-6347372",
      "category": "down-down",
      "brand": null,
      "weight_size": null,
      "per_unit_price": "$1.79 per 100mLWas $17.95 on Jul 2025",
      "rating": 0,
      "review_count": 0,
      "in_stock": true,
      "is_on_sale": false,
      "scraped_at": "2025-08-05T17:43:12.597Z",
      "page_number": 8,
      "source_url": "https://www.coles.com.au/browse/down-down?page=8",
      "is_sponsored": null
    },
    {
      "title": "I&J Wild Alaskan Sockeye Salmon | 500g",
      "current_price": 29,
      "original_price": null,
      "discount_percentage": null,
      "discount_amount": null,
      "image_url": "https://www.coles.com.au/_next/image?url=https%3A%2F%2Fcdn.productimages.coles.com.au%2Fproductimages%2F6%2F6408830.jpg&w=640&q=90",
      "product_url": "https://www.coles.com.au/product/iandj-wild-alaskan-sockeye-salmon-500g-6408830",
      "category": "down-down",
      "brand": null,
      "weight_size": null,
      "per_unit_price": "$58.00 per 1kgWas $35.00 on Jun 2025",
      "rating": 0,
      "review_count": 0,
      "in_stock": true,
      "is_on_sale": false,
      "scraped_at": "2025-08-05T17:43:12.597Z",
      "page_number": 8,
      "source_url": "https://www.coles.com.au/browse/down-down?page=8",
      "is_sponsored": null
    },
    {
      "title": "Lemsip Max Decongestant Cold and Flu Lemon Hot Drink with Parac ... 10 pack",
      "current_price": 13.6,
      "original_price": null,
      "discount_percentage": null,
      "discount_amount": null,
      "image_url": "https://www.coles.com.au/_next/image?url=https%3A%2F%2Fcdn.productimages.coles.com.au%2Fproductimages%2F6%2F6419815.jpg&w=640&q=90",
      "product_url": "https://www.coles.com.au/product/lemsip-max-decongestant-cold-and-flu-lemon-hot-drink-with-paracetamol-10-pack-6419815",
      "category": "down-down",
      "brand": null,
      "weight_size": null,
      "per_unit_price": "$1.36 per 1eaWas $17.00 on Jun 2025",
      "rating": 0,
      "review_count": 0,
      "in_stock": true,
      "is_on_sale": false,
      "scraped_at": "2025-08-05T17:43:12.597Z",
      "page_number": 8,
      "source_url": "https://www.coles.com.au/browse/down-down?page=8",
      "is_sponsored": null
    },
    {
      "title": "TRESemme Hair Styling Spray Thermal Protections | 300mL",
      "current_price": 7,
      "original_price": null,
      "discount_percentage": null,
      "discount_amount": null,
      "image_url": "https://www.coles.com.au/_next/image?url=https%3A%2F%2Fcdn.productimages.coles.com.au%2Fproductimages%2F6%2F6421894.jpg&w=640&q=90",
      "product_url": "https://www.coles.com.au/product/tresemme-hair-styling-spray-thermal-protections-300ml-6421894",
      "category": "down-down",
      "brand": null,
      "weight_size": null,
      "per_unit_price": "$2.33 per 100mLWas $9.00 on Jun 2025",
      "rating": 5,
      "review_count": 1,
      "in_stock": true,
      "is_on_sale": false,
      "scraped_at": "2025-08-05T17:43:12.597Z",
      "page_number": 8,
      "source_url": "https://www.coles.com.au/browse/down-down?page=8",
      "is_sponsored": null
    },
    {
      "title": "Bellamy's Organic Apple & Cinnamon Baby Porridge Cereal Pouch 6+ Mo ... 125g",
      "current_price": 3.95,
      "original_price": null,
      "discount_percentage": null,
      "discount_amount": null,
      "image_url": "https://www.coles.com.au/_next/image?url=https%3A%2F%2Fcdn.productimages.coles.com.au%2Fproductimages%2F6%2F6448799.jpg&w=640&q=90",
      "product_url": "https://www.coles.com.au/product/bellamy's-organic-apple-and-cinnamon-baby-porridge-cereal-pouch-6+-months-125g-6448799",
      "category": "down-down",
      "brand": null,
      "weight_size": null,
      "per_unit_price": "$3.16 per 100gWas $4.40 on May 2025",
      "rating": 5,
      "review_count": 5,
      "in_stock": true,
      "is_on_sale": false,
      "scraped_at": "2025-08-05T17:43:12.597Z",
      "page_number": 8,
      "source_url": "https://www.coles.com.au/browse/down-down?page=8",
      "is_sponsored": null
    },
    {
      "title": "Oakwood Shoe Gel Cleaner | 120mL",
      "current_price": 4.8,
      "original_price": null,
      "discount_percentage": null,
      "discount_amount": null,
      "image_url": "https://www.coles.com.au/_next/image?url=https%3A%2F%2Fcdn.productimages.coles.com.au%2Fproductimages%2F6%2F6485081.jpg&w=640&q=90",
      "product_url": "https://www.coles.com.au/product/oakwood-shoe-gel-cleaner-120ml-6485081",
      "category": "down-down",
      "brand": null,
      "weight_size": null,
      "per_unit_price": "$4.00 per 100mLWas $6.00 on Jul 2025",
      "rating": 0,
      "review_count": 0,
      "in_stock": true,
      "is_on_sale": false,
      "scraped_at": "2025-08-05T17:43:12.597Z",
      "page_number": 8,
      "source_url": "https://www.coles.com.au/browse/down-down?page=8",
      "is_sponsored": null
    },
    {
      "title": "Australia's Own Smooth As Oat Milk | 1L",
      "current_price": 2.5,
      "original_price": null,
      "discount_percentage": null,
      "discount_amount": null,
      "image_url": "https://www.coles.com.au/_next/image?url=https%3A%2F%2Fcdn.productimages.coles.com.au%2Fproductimages%2F6%2F6494515.jpg&w=640&q=90",
      "product_url": "https://www.coles.com.au/product/australia's-own-smooth-as-oat-milk-1l-6494515",
      "category": "down-down",
      "brand": null,
      "weight_size": null,
      "per_unit_price": "$2.50 per 1LWas $3.00 on May 2025",
      "rating": 0,
      "review_count": 0,
      "in_stock": true,
      "is_on_sale": false,
      "scraped_at": "2025-08-05T17:43:12.597Z",
      "page_number": 8,
      "source_url": "https://www.coles.com.au/browse/down-down?page=8",
      "is_sponsored": null
    },
    {
      "title": "Nighty Night Effervescent Sleep Elderberry | 14 pack",
      "current_price": 11,
      "original_price": null,
      "discount_percentage": null,
      "discount_amount": null,
      "image_url": "https://www.coles.com.au/_next/image?url=https%3A%2F%2Fcdn.productimages.coles.com.au%2Fproductimages%2F6%2F6495562.jpg&w=640&q=90",
      "product_url": "https://www.coles.com.au/product/nighty-night-effervescent-sleep-elderberry-14-pack-6495562",
      "category": "down-down",
      "brand": null,
      "weight_size": null,
      "per_unit_price": "$78.57 per 100eaWas $20.00 on Jul 2025",
      "rating": 0,
      "review_count": 0,
      "in_stock": true,
      "is_on_sale": false,
      "scraped_at": "2025-08-05T17:43:12.597Z",
      "page_number": 8,
      "source_url": "https://www.coles.com.au/browse/down-down?page=8",
      "is_sponsored": null
    },
    {
      "title": "Coco Earth Gummies Ashwagandha | 60 pack",
      "current_price": 12,
      "original_price": null,
      "discount_percentage": null,
      "discount_amount": null,
      "image_url": "https://www.coles.com.au/_next/image?url=https%3A%2F%2Fcdn.productimages.coles.com.au%2Fproductimages%2F6%2F6496408.jpg&w=640&q=90",
      "product_url": "https://www.coles.com.au/product/coco-earth-gummies-ashwagandha-60-pack-6496408",
      "category": "down-down",
      "brand": null,
      "weight_size": null,
      "per_unit_price": "$20.00 per 100eaWas $19.00 on Jul 2025",
      "rating": 0,
      "review_count": 0,
      "in_stock": true,
      "is_on_sale": false,
      "scraped_at": "2025-08-05T17:43:12.597Z",
      "page_number": 8,
      "source_url": "https://www.coles.com.au/browse/down-down?page=8",
      "is_sponsored": null
    },
    {
      "title": "HB Belly Me Shot Probiotic + Digest Cleanse | 60mL",
      "current_price": 3,
      "original_price": null,
      "discount_percentage": null,
      "discount_amount": null,
      "image_url": "https://www.coles.com.au/_next/image?url=https%3A%2F%2Fcdn.productimages.coles.com.au%2Fproductimages%2F6%2F6497218.jpg&w=640&q=90",
      "product_url": "https://www.coles.com.au/product/hb-belly-me-shot-probiotic-+-digest-cleanse-60ml-6497218",
      "category": "down-down",
      "brand": null,
      "weight_size": null,
      "per_unit_price": "$50.00 per 1LWas $4.90 on Jul 2025",
      "rating": 0,
      "review_count": 0,
      "in_stock": true,
      "is_on_sale": false,
      "scraped_at": "2025-08-05T17:43:12.597Z",
      "page_number": 8,
      "source_url": "https://www.coles.com.au/browse/down-down?page=8",
      "is_sponsored": null
    },
    {
      "title": "HB Belly Me Shot Probiotic + Instant Lax | 60mL",
      "current_price": 3,
      "original_price": null,
      "discount_percentage": null,
      "discount_amount": null,
      "image_url": "https://www.coles.com.au/_next/image?url=https%3A%2F%2Fcdn.productimages.coles.com.au%2Fproductimages%2F6%2F6497229.jpg&w=640&q=90",
      "product_url": "https://www.coles.com.au/product/hb-belly-me-shot-probiotic-+-instant-lax-60ml-6497229",
      "category": "down-down",
      "brand": null,
      "weight_size": null,
      "per_unit_price": "$50.00 per 1LWas $4.90 on Jul 2025",
      "rating": 0,
      "review_count": 0,
      "in_stock": true,
      "is_on_sale": false,
      "scraped_at": "2025-08-05T17:43:12.597Z",
      "page_number": 8,
      "source_url": "https://www.coles.com.au/browse/down-down?page=8",
      "is_sponsored": null
    },
    {
      "title": "HB Belly Me Shot Probiotic + Stress Away | 60mL",
      "current_price": 3,
      "original_price": null,
      "discount_percentage": null,
      "discount_amount": null,
      "image_url": "https://www.coles.com.au/_next/image?url=https%3A%2F%2Fcdn.productimages.coles.com.au%2Fproductimages%2F6%2F6497230.jpg&w=640&q=90",
      "product_url": "https://www.coles.com.au/product/hb-belly-me-shot-probiotic-+-stress-away-60ml-6497230",
      "category": "down-down",
      "brand": null,
      "weight_size": null,
      "per_unit_price": "$50.00 per 1LWas $4.90 on Jul 2025",
      "rating": 0,
      "review_count": 0,
      "in_stock": true,
      "is_on_sale": false,
      "scraped_at": "2025-08-05T17:43:12.597Z",
      "page_number": 8,
      "source_url": "https://www.coles.com.au/browse/down-down?page=8",
      "is_sponsored": null
    },
    {
      "title": "HB Belly Me Shot Probiotic + Sleep Well | 60mL",
      "current_price": 3,
      "original_price": null,
      "discount_percentage": null,
      "discount_amount": null,
      "image_url": "https://www.coles.com.au/_next/image?url=https%3A%2F%2Fcdn.productimages.coles.com.au%2Fproductimages%2F6%2F6497240.jpg&w=640&q=90",
      "product_url": "https://www.coles.com.au/product/hb-belly-me-shot-probiotic-+-sleep-well-60ml-6497240",
      "category": "down-down",
      "brand": null,
      "weight_size": null,
      "per_unit_price": "$50.00 per 1LWas $4.90 on Jul 2025",
      "rating": 0,
      "review_count": 0,
      "in_stock": true,
      "is_on_sale": false,
      "scraped_at": "2025-08-05T17:43:12.597Z",
      "page_number": 8,
      "source_url": "https://www.coles.com.au/browse/down-down?page=8",
      "is_sponsored": null
    },
    {
      "title": "Kurrajong Kitchen Oaklees Original Crackers | 120g",
      "current_price": 3,
      "original_price": null,
      "discount_percentage": null,
      "discount_amount": null,
      "image_url": "https://www.coles.com.au/_next/image?url=https%3A%2F%2Fcdn.productimages.coles.com.au%2Fproductimages%2F6%2F6503820.jpg&w=640&q=90",
      "product_url": "https://www.coles.com.au/product/kurrajong-kitchen-oaklees-original-crackers-120g-6503820",
      "category": "down-down",
      "brand": null,
      "weight_size": null,
      "per_unit_price": "$2.50 per 100gWas $3.70 on Jun 2025",
      "rating": 0,
      "review_count": 0,
      "in_stock": true,
      "is_on_sale": false,
      "scraped_at": "2025-08-05T17:43:12.597Z",
      "page_number": 8,
      "source_url": "https://www.coles.com.au/browse/down-down?page=8",
      "is_sponsored": null
    },
    {
      "title": "Batiste Overnight Deep Cleanse Dry Shampoo | 200mL",
      "current_price": 10,
      "original_price": null,
      "discount_percentage": null,
      "discount_amount": null,
      "image_url": "https://www.coles.com.au/_next/image?url=https%3A%2F%2Fcdn.productimages.coles.com.au%2Fproductimages%2F6%2F6507311.jpg&w=640&q=90",
      "product_url": "https://www.coles.com.au/product/batiste-overnight-deep-cleanse-dry-shampoo-200ml-6507311",
      "category": "down-down",
      "brand": null,
      "weight_size": null,
      "per_unit_price": "$5.00 per 100mLWas $14.00 on Jun 2025",
      "rating": 0,
      "review_count": 0,
      "in_stock": true,
      "is_on_sale": false,
      "scraped_at": "2025-08-05T17:43:12.597Z",
      "page_number": 8,
      "source_url": "https://www.coles.com.au/browse/down-down?page=8",
      "is_sponsored": null
    },
    {
      "title": "Batiste Divine Dark Dry Shampoo | 350mL",
      "current_price": 15,
      "original_price": null,
      "discount_percentage": null,
      "discount_amount": null,
      "image_url": "https://www.coles.com.au/_next/image?url=https%3A%2F%2Fcdn.productimages.coles.com.au%2Fproductimages%2F6%2F6507322.jpg&w=640&q=90",
      "product_url": "https://www.coles.com.au/product/batiste-divine-dark-dry-shampoo-350ml-6507322",
      "category": "down-down",
      "brand": null,
      "weight_size": null,
      "per_unit_price": "$4.29 per 100mLWas $19.00 on Jun 2025",
      "rating": 0,
      "review_count": 0,
      "in_stock": true,
      "is_on_sale": false,
      "scraped_at": "2025-08-05T17:43:12.597Z",
      "page_number": 8,
      "source_url": "https://www.coles.com.au/browse/down-down?page=8",
      "is_sponsored": null
    },
    {
      "title": "Coles Finest White Sourdough Cob | 1 each",
      "current_price": 6.25,
      "original_price": null,
      "discount_percentage": null,
      "discount_amount": null,
      "image_url": "https://www.coles.com.au/_next/image?url=https%3A%2F%2Fcdn.productimages.coles.com.au%2Fproductimages%2F6%2F6530572.jpg&w=640&q=90",
      "product_url": "https://www.coles.com.au/product/coles-finest-white-sourdough-cob-1-each-6530572",
      "category": "down-down",
      "brand": null,
      "weight_size": null,
      "per_unit_price": "$6.25 per 1eaWas $7.00 on Jun 2025",
      "rating": 0,
      "review_count": 0,
      "in_stock": true,
      "is_on_sale": false,
      "scraped_at": "2025-08-05T17:43:12.597Z",
      "page_number": 8,
      "source_url": "https://www.coles.com.au/browse/down-down?page=8",
      "is_sponsored": null
    },
    {
      "title": "Mainland Cheese Slices Extra Tasty | 210g",
      "current_price": 6,
      "original_price": null,
      "discount_percentage": null,
      "discount_amount": null,
      "image_url": "https://www.coles.com.au/_next/image?url=https%3A%2F%2Fcdn.productimages.coles.com.au%2Fproductimages%2F6%2F6576788.jpg&w=640&q=90",
      "product_url": "https://www.coles.com.au/product/mainland-cheese-slices-extra-tasty-210g-6576788",
      "category": "down-down",
      "brand": null,
      "weight_size": null,
      "per_unit_price": "$28.57 per 1kgWas $7.00 on Jul 2025",
      "rating": 0,
      "review_count": 0,
      "in_stock": true,
      "is_on_sale": false,
      "scraped_at": "2025-08-05T17:43:12.597Z",
      "page_number": 8,
      "source_url": "https://www.coles.com.au/browse/down-down?page=8",
      "is_sponsored": null
    },
    {
      "title": "Perfect Italiano Cheese Extra Sharp Grated Parmesan | 125g",
      "current_price": 4,
      "original_price": null,
      "discount_percentage": null,
      "discount_amount": null,
      "image_url": "https://www.coles.com.au/_next/image?url=https%3A%2F%2Fcdn.productimages.coles.com.au%2Fproductimages%2F6%2F6577000.jpg&w=640&q=90",
      "product_url": "https://www.coles.com.au/product/perfect-italiano-cheese-extra-sharp-grated-parmesan-125g-6577000",
      "category": "down-down",
      "brand": null,
      "weight_size": null,
      "per_unit_price": "$32.00 per 1kgWas $4.50 on May 2025",
      "rating": 0,
      "review_count": 0,
      "in_stock": true,
      "is_on_sale": false,
      "scraped_at": "2025-08-05T17:43:12.597Z",
      "page_number": 8,
      "source_url": "https://www.coles.com.au/browse/down-down?page=8",
      "is_sponsored": null
    },
    {
      "title": "South Cape Apricot & Almond Cream Cheese | 200g",
      "current_price": 5.9,
      "original_price": null,
      "discount_percentage": null,
      "discount_amount": null,
      "image_url": "https://www.coles.com.au/_next/image?url=https%3A%2F%2Fcdn.productimages.coles.com.au%2Fproductimages%2F6%2F6581201.jpg&w=640&q=90",
      "product_url": "https://www.coles.com.au/product/south-cape-apricot-and-almond-cream-cheese-200g-6581201",
      "category": "down-down",
      "brand": null,
      "weight_size": null,
      "per_unit_price": "$29.50 per 1kgWas $6.50 on Jul 2025",
      "rating": 0,
      "review_count": 0,
      "in_stock": true,
      "is_on_sale": false,
      "scraped_at": "2025-08-05T17:43:12.597Z",
      "page_number": 8,
      "source_url": "https://www.coles.com.au/browse/down-down?page=8",
      "is_sponsored": null
    },
    {
      "title": "South Cape Spring Onion & Chive Cream Cheese | 200g",
      "current_price": 5.9,
      "original_price": null,
      "discount_percentage": null,
      "discount_amount": null,
      "image_url": "https://www.coles.com.au/_next/image?url=https%3A%2F%2Fcdn.productimages.coles.com.au%2Fproductimages%2F6%2F6581256.jpg&w=640&q=90",
      "product_url": "https://www.coles.com.au/product/south-cape-spring-onion-and-chive-cream-cheese-200g-6581256",
      "category": "down-down",
      "brand": null,
      "weight_size": null,
      "per_unit_price": "$29.50 per 1kgWas $6.50 on Jul 2025",
      "rating": 0,
      "review_count": 0,
      "in_stock": true,
      "is_on_sale": false,
      "scraped_at": "2025-08-05T17:43:12.597Z",
      "page_number": 8,
      "source_url": "https://www.coles.com.au/browse/down-down?page=8",
      "is_sponsored": null
    }
  ],
  "summary": {
    "total_products": 57,
    "products_on_sale": 0,
    "products_with_ratings": 57,
    "average_price": 8.319298245614034,
    "price_range": {
      "min": 1.4,
      "max": 35
    }
  }
}