{
  "extraction_info": {
    "timestamp": "2025-08-05T17:43:23.133Z",
    "page_url": "https://www.coles.com.au/browse/down-down?page=9",
    "category": "down-down",
    "page_number": 9,
    "selector_set_used": "high_confidence",
    "total_products": 57,
    "total_elements_found": 57
  },
  "products": [
    {
      "title": "Helios Artificial Nail System Clear - Almond Shape | 200 pack",
      "current_price": 11,
      "original_price": null,
      "discount_percentage": null,
      "discount_amount": null,
      "image_url": "https://www.coles.com.au/_next/image?url=https%3A%2F%2Fcdn.productimages.coles.com.au%2Fproductimages%2F6%2F6621000.jpg&w=640&q=90",
      "product_url": "https://www.coles.com.au/product/helios-artificial-nail-system-clear-almond-shape-200-pack-6621000",
      "category": "down-down",
      "brand": null,
      "weight_size": null,
      "per_unit_price": "$11.00 per 1eaWas $13.00 on May 2025",
      "rating": null,
      "review_count": null,
      "in_stock": true,
      "is_on_sale": false,
      "scraped_at": "2025-08-05T17:43:23.132Z",
      "page_number": 9,
      "source_url": "https://www.coles.com.au/browse/down-down?page=9",
      "is_sponsored": null
    },
    {
      "title": "Bulldog Sensitive Moisturiser Skincare For Men | 100mL",
      "current_price": 9.5,
      "original_price": null,
      "discount_percentage": null,
      "discount_amount": null,
      "image_url": "https://www.coles.com.au/_next/image?url=https%3A%2F%2Fcdn.productimages.coles.com.au%2Fproductimages%2F3%2F3402601.jpg&w=640&q=90",
      "product_url": "https://www.coles.com.au/product/bulldog-sensitive-moisturiser-skincare-for-men-100ml-3402601",
      "category": "down-down",
      "brand": null,
      "weight_size": null,
      "per_unit_price": "$9.50 per 100mLWas $15.00 on Jun 2025",
      "rating": null,
      "review_count": null,
      "in_stock": true,
      "is_on_sale": false,
      "scraped_at": "2025-08-05T17:43:23.133Z",
      "page_number": 9,
      "source_url": "https://www.coles.com.au/browse/down-down?page=9",
      "is_sponsored": true
    },
    {
      "title": "Herron Nicaway Nicotine Lozenge 4mg | 72 pack",
      "current_price": 22,
      "original_price": null,
      "discount_percentage": null,
      "discount_amount": null,
      "image_url": "https://www.coles.com.au/_next/image?url=https%3A%2F%2Fcdn.productimages.coles.com.au%2Fproductimages%2F3%2F3058437.jpg&w=640&q=90",
      "product_url": "https://www.coles.com.au/product/herron-nicaway-nicotine-lozenge-4mg-72-pack-3058437",
      "category": "down-down",
      "brand": null,
      "weight_size": null,
      "per_unit_price": "$0.31 per 1eaWas $26.00 on Aug 2025",
      "rating": null,
      "review_count": null,
      "in_stock": true,
      "is_on_sale": false,
      "scraped_at": "2025-08-05T17:43:23.133Z",
      "page_number": 9,
      "source_url": "https://www.coles.com.au/browse/down-down?page=9",
      "is_sponsored": true
    },
    {
      "title": "Libra Goodnights Ultra Thin Value Pack Pads | 20 pack",
      "current_price": 8,
      "original_price": null,
      "discount_percentage": null,
      "discount_amount": null,
      "image_url": "https://www.coles.com.au/_next/image?url=https%3A%2F%2Fcdn.productimages.coles.com.au%2Fproductimages%2F9%2F9622021.jpg&w=640&q=90",
      "product_url": "https://www.coles.com.au/product/libra-goodnights-ultra-thin-value-pack-pads-20-pack-9622021",
      "category": "down-down",
      "brand": null,
      "weight_size": null,
      "per_unit_price": "$0.40 per 1eaWas $10.00 on Jun 2025",
      "rating": null,
      "review_count": null,
      "in_stock": true,
      "is_on_sale": false,
      "scraped_at": "2025-08-05T17:43:23.133Z",
      "page_number": 9,
      "source_url": "https://www.coles.com.au/browse/down-down?page=9",
      "is_sponsored": true
    },
    {
      "title": "Ziploc Medium Resealable Food Storage Freezer Bags | 19 Pack",
      "current_price": 3.5,
      "original_price": null,
      "discount_percentage": null,
      "discount_amount": null,
      "image_url": "https://www.coles.com.au/_next/image?url=https%3A%2F%2Fcdn.productimages.coles.com.au%2Fproductimages%2F3%2F3975594.jpg&w=640&q=90",
      "product_url": "https://www.coles.com.au/product/ziploc-medium-resealable-food-storage-freezer-bags-19-pack-3975594",
      "category": "down-down",
      "brand": null,
      "weight_size": null,
      "per_unit_price": "$0.18 per 1eaWas $4.40 on May 2025",
      "rating": null,
      "review_count": null,
      "in_stock": true,
      "is_on_sale": false,
      "scraped_at": "2025-08-05T17:43:23.133Z",
      "page_number": 9,
      "source_url": "https://www.coles.com.au/browse/down-down?page=9",
      "is_sponsored": true
    },
    {
      "title": "Cornish Sea Salt Crystals | 225g",
      "current_price": 7,
      "original_price": null,
      "discount_percentage": null,
      "discount_amount": null,
      "image_url": "https://www.coles.com.au/_next/image?url=https%3A%2F%2Fcdn.productimages.coles.com.au%2Fproductimages%2F9%2F9964568.jpg&w=640&q=90",
      "product_url": "https://www.coles.com.au/product/cornish-sea-salt-crystals-225g-9964568",
      "category": "down-down",
      "brand": null,
      "weight_size": null,
      "per_unit_price": "$0.31 per 10gWas $8.80 on Aug 2025",
      "rating": null,
      "review_count": null,
      "in_stock": true,
      "is_on_sale": false,
      "scraped_at": "2025-08-05T17:43:23.133Z",
      "page_number": 9,
      "source_url": "https://www.coles.com.au/browse/down-down?page=9",
      "is_sponsored": true
    },
    {
      "title": "Carmans Oat Slices Belgian Chocolate 5 Pack | 175g",
      "current_price": 5.9,
      "original_price": null,
      "discount_percentage": null,
      "discount_amount": null,
      "image_url": "https://www.coles.com.au/_next/image?url=https%3A%2F%2Fcdn.productimages.coles.com.au%2Fproductimages%2F4%2F4456093.jpg&w=640&q=90",
      "product_url": "https://www.coles.com.au/product/carmans-oat-slices-belgian-chocolate-5-pack-175g-4456093",
      "category": "down-down",
      "brand": null,
      "weight_size": null,
      "per_unit_price": "$3.37 per 100gWas $6.20 on Jul 2025",
      "rating": null,
      "review_count": null,
      "in_stock": true,
      "is_on_sale": false,
      "scraped_at": "2025-08-05T17:43:23.133Z",
      "page_number": 9,
      "source_url": "https://www.coles.com.au/browse/down-down?page=9",
      "is_sponsored": true
    },
    {
      "title": "Bellamy's Organic Apple & Cinnamon Baby Porridge Cereal Pouch 6+ Mo ... 125g",
      "current_price": 3.95,
      "original_price": null,
      "discount_percentage": null,
      "discount_amount": null,
      "image_url": "https://www.coles.com.au/_next/image?url=https%3A%2F%2Fcdn.productimages.coles.com.au%2Fproductimages%2F6%2F6448799.jpg&w=640&q=90",
      "product_url": "https://www.coles.com.au/product/bellamy's-organic-apple-and-cinnamon-baby-porridge-cereal-pouch-6+-months-125g-6448799",
      "category": "down-down",
      "brand": null,
      "weight_size": null,
      "per_unit_price": "$3.16 per 100gWas $4.40 on May 2025",
      "rating": null,
      "review_count": null,
      "in_stock": true,
      "is_on_sale": false,
      "scraped_at": "2025-08-05T17:43:23.133Z",
      "page_number": 9,
      "source_url": "https://www.coles.com.au/browse/down-down?page=9",
      "is_sponsored": true
    },
    {
      "title": "Ziploc Large Resealable Food Storage Freezer Bags | 14 Pack",
      "current_price": 3.5,
      "original_price": null,
      "discount_percentage": null,
      "discount_amount": null,
      "image_url": "https://www.coles.com.au/_next/image?url=https%3A%2F%2Fcdn.productimages.coles.com.au%2Fproductimages%2F3%2F3975608.jpg&w=640&q=90",
      "product_url": "https://www.coles.com.au/product/ziploc-large-resealable-food-storage-freezer-bags-14-pack-3975608",
      "category": "down-down",
      "brand": null,
      "weight_size": null,
      "per_unit_price": "$0.25 per 1eaWas $4.40 on May 2025",
      "rating": null,
      "review_count": null,
      "in_stock": true,
      "is_on_sale": false,
      "scraped_at": "2025-08-05T17:43:23.133Z",
      "page_number": 9,
      "source_url": "https://www.coles.com.au/browse/down-down?page=9",
      "is_sponsored": true
    },
    {
      "title": "Codral Cold & Flu + Mucus Cough Capsules | 16 pack",
      "current_price": 13,
      "original_price": null,
      "discount_percentage": null,
      "discount_amount": null,
      "image_url": "https://www.coles.com.au/_next/image?url=https%3A%2F%2Fcdn.productimages.coles.com.au%2Fproductimages%2F1%2F1216209.jpg&w=640&q=90",
      "product_url": "https://www.coles.com.au/product/codral-cold-and-flu-+-mucus-cough-capsules-16-pack-1216209",
      "category": "down-down",
      "brand": null,
      "weight_size": null,
      "per_unit_price": "$0.81 per 1eaWas $16.50 on Jun 2025",
      "rating": null,
      "review_count": null,
      "in_stock": true,
      "is_on_sale": false,
      "scraped_at": "2025-08-05T17:43:23.133Z",
      "page_number": 9,
      "source_url": "https://www.coles.com.au/browse/down-down?page=9",
      "is_sponsored": true
    },
    {
      "title": "Roma Gluten Free Pasta Macaroni | 350g",
      "current_price": 4.4,
      "original_price": null,
      "discount_percentage": null,
      "discount_amount": null,
      "image_url": "https://www.coles.com.au/_next/image?url=https%3A%2F%2Fcdn.productimages.coles.com.au%2Fproductimages%2F6%2F6768960.jpg&w=640&q=90",
      "product_url": "https://www.coles.com.au/product/roma-gluten-free-pasta-macaroni-350g-6768960",
      "category": "down-down",
      "brand": null,
      "weight_size": null,
      "per_unit_price": "$1.26 per 100gWas $4.90 on Jun 2025",
      "rating": null,
      "review_count": null,
      "in_stock": true,
      "is_on_sale": false,
      "scraped_at": "2025-08-05T17:43:23.133Z",
      "page_number": 9,
      "source_url": "https://www.coles.com.au/browse/down-down?page=9",
      "is_sponsored": null
    },
    {
      "title": "Roma Gluten Free Pasta Rigatoni | 350g",
      "current_price": 4.4,
      "original_price": null,
      "discount_percentage": null,
      "discount_amount": null,
      "image_url": "https://www.coles.com.au/_next/image?url=https%3A%2F%2Fcdn.productimages.coles.com.au%2Fproductimages%2F6%2F6768971.jpg&w=640&q=90",
      "product_url": "https://www.coles.com.au/product/roma-gluten-free-pasta-rigatoni-350g-6768971",
      "category": "down-down",
      "brand": null,
      "weight_size": null,
      "per_unit_price": "$1.26 per 100gWas $4.90 on Jun 2025",
      "rating": null,
      "review_count": null,
      "in_stock": true,
      "is_on_sale": false,
      "scraped_at": "2025-08-05T17:43:23.133Z",
      "page_number": 9,
      "source_url": "https://www.coles.com.au/browse/down-down?page=9",
      "is_sponsored": null
    },
    {
      "title": "Roma Gluten Free Pasta Spiral | 350g",
      "current_price": 4.4,
      "original_price": null,
      "discount_percentage": null,
      "discount_amount": null,
      "image_url": "https://www.coles.com.au/_next/image?url=https%3A%2F%2Fcdn.productimages.coles.com.au%2Fproductimages%2F6%2F6768982.jpg&w=640&q=90",
      "product_url": "https://www.coles.com.au/product/roma-gluten-free-pasta-spiral-350g-6768982",
      "category": "down-down",
      "brand": null,
      "weight_size": null,
      "per_unit_price": "$1.26 per 100gWas $4.90 on Jun 2025",
      "rating": null,
      "review_count": null,
      "in_stock": true,
      "is_on_sale": false,
      "scraped_at": "2025-08-05T17:43:23.133Z",
      "page_number": 9,
      "source_url": "https://www.coles.com.au/browse/down-down?page=9",
      "is_sponsored": null
    },
    {
      "title": "Riverina Haloumi Lactose Free | 180g",
      "current_price": 5.8,
      "original_price": null,
      "discount_percentage": null,
      "discount_amount": null,
      "image_url": "https://www.coles.com.au/_next/image?url=https%3A%2F%2Fcdn.productimages.coles.com.au%2Fproductimages%2F6%2F6797368.jpg&w=640&q=90",
      "product_url": "https://www.coles.com.au/product/riverina-haloumi-lactose-free-180g-6797368",
      "category": "down-down",
      "brand": null,
      "weight_size": null,
      "per_unit_price": "$32.22 per 1kgWas $6.60 on May 2025",
      "rating": null,
      "review_count": null,
      "in_stock": true,
      "is_on_sale": false,
      "scraped_at": "2025-08-05T17:43:23.133Z",
      "page_number": 9,
      "source_url": "https://www.coles.com.au/browse/down-down?page=9",
      "is_sponsored": null
    },
    {
      "title": "Uhu Magic Blue Glue Stick 2x40g | 2 pack",
      "current_price": 5.4,
      "original_price": null,
      "discount_percentage": null,
      "discount_amount": null,
      "image_url": "https://www.coles.com.au/_next/image?url=https%3A%2F%2Fcdn.productimages.coles.com.au%2Fproductimages%2F6%2F6820674.jpg&w=640&q=90",
      "product_url": "https://www.coles.com.au/product/uhu-magic-blue-glue-stick-2x40g-2-pack-6820674",
      "category": "down-down",
      "brand": null,
      "weight_size": null,
      "per_unit_price": "Was $6.75 on Jul 2025",
      "rating": null,
      "review_count": null,
      "in_stock": true,
      "is_on_sale": false,
      "scraped_at": "2025-08-05T17:43:23.133Z",
      "page_number": 9,
      "source_url": "https://www.coles.com.au/browse/down-down?page=9",
      "is_sponsored": null
    },
    {
      "title": "Suimin Chicken Noodle Noodle Cup | 70g",
      "current_price": 2,
      "original_price": null,
      "discount_percentage": null,
      "discount_amount": null,
      "image_url": "https://www.coles.com.au/_next/image?url=https%3A%2F%2Fcdn.productimages.coles.com.au%2Fproductimages%2F6%2F6861445.jpg&w=640&q=90",
      "product_url": "https://www.coles.com.au/product/suimin-chicken-noodle-noodle-cup-70g-6861445",
      "category": "down-down",
      "brand": null,
      "weight_size": null,
      "per_unit_price": "$2.86 per 100gWas $2.40 on Jul 2025",
      "rating": null,
      "review_count": null,
      "in_stock": true,
      "is_on_sale": false,
      "scraped_at": "2025-08-05T17:43:23.133Z",
      "page_number": 9,
      "source_url": "https://www.coles.com.au/browse/down-down?page=9",
      "is_sponsored": null
    },
    {
      "title": "The Sweetporium Co Black Forest | 1L",
      "current_price": 8,
      "original_price": null,
      "discount_percentage": null,
      "discount_amount": null,
      "image_url": "https://www.coles.com.au/_next/image?url=https%3A%2F%2Fcdn.productimages.coles.com.au%2Fproductimages%2F6%2F6934990.jpg&w=640&q=90",
      "product_url": "https://www.coles.com.au/product/the-sweetporium-co-black-forest-1l-6934990",
      "category": "down-down",
      "brand": null,
      "weight_size": null,
      "per_unit_price": "$0.80 per 100mLWas $10.00 on Jun 2025",
      "rating": null,
      "review_count": null,
      "in_stock": true,
      "is_on_sale": false,
      "scraped_at": "2025-08-05T17:43:23.133Z",
      "page_number": 9,
      "source_url": "https://www.coles.com.au/browse/down-down?page=9",
      "is_sponsored": null
    },
    {
      "title": "Always Fresh Grissini Breadsticks Three Seed | 125g",
      "current_price": 4,
      "original_price": null,
      "discount_percentage": null,
      "discount_amount": null,
      "image_url": "https://www.coles.com.au/_next/image?url=https%3A%2F%2Fcdn.productimages.coles.com.au%2Fproductimages%2F6%2F6977600.jpg&w=640&q=90",
      "product_url": "https://www.coles.com.au/product/always-fresh-grissini-breadsticks-three-seed-125g-6977600",
      "category": "down-down",
      "brand": null,
      "weight_size": null,
      "per_unit_price": "$3.20 per 100gWas $4.50 on Jul 2025",
      "rating": null,
      "review_count": null,
      "in_stock": true,
      "is_on_sale": false,
      "scraped_at": "2025-08-05T17:43:23.133Z",
      "page_number": 9,
      "source_url": "https://www.coles.com.au/browse/down-down?page=9",
      "is_sponsored": null
    },
    {
      "title": "The Juice Lab Wellness Shot Kids Mixed Berry Immune | 60mL",
      "current_price": 2,
      "original_price": null,
      "discount_percentage": null,
      "discount_amount": null,
      "image_url": "https://www.coles.com.au/_next/image?url=https%3A%2F%2Fcdn.productimages.coles.com.au%2Fproductimages%2F7%2F7018376.jpg&w=640&q=90",
      "product_url": "https://www.coles.com.au/product/the-juice-lab-wellness-shot-kids-mixed-berry-immune-60ml-7018376",
      "category": "down-down",
      "brand": null,
      "weight_size": null,
      "per_unit_price": "$33.33 per 1LWas $3.50 on Jun 2025",
      "rating": null,
      "review_count": null,
      "in_stock": true,
      "is_on_sale": false,
      "scraped_at": "2025-08-05T17:43:23.133Z",
      "page_number": 9,
      "source_url": "https://www.coles.com.au/browse/down-down?page=9",
      "is_sponsored": null
    },
    {
      "title": "The Juice Lab Wellness Shot Kids Tropical Immune | 60mL",
      "current_price": 2,
      "original_price": null,
      "discount_percentage": null,
      "discount_amount": null,
      "image_url": "https://www.coles.com.au/_next/image?url=https%3A%2F%2Fcdn.productimages.coles.com.au%2Fproductimages%2F7%2F7027559.jpg&w=640&q=90",
      "product_url": "https://www.coles.com.au/product/the-juice-lab-wellness-shot-kids-tropical-immune-60ml-7027559",
      "category": "down-down",
      "brand": null,
      "weight_size": null,
      "per_unit_price": "$33.33 per 1LWas $3.50 on Jun 2025",
      "rating": null,
      "review_count": null,
      "in_stock": true,
      "is_on_sale": false,
      "scraped_at": "2025-08-05T17:43:23.133Z",
      "page_number": 9,
      "source_url": "https://www.coles.com.au/browse/down-down?page=9",
      "is_sponsored": null
    },
    {
      "title": "Pasta Italia Ricotta & Spinach Ravioli | 400g",
      "current_price": 5,
      "original_price": null,
      "discount_percentage": null,
      "discount_amount": null,
      "image_url": "https://www.coles.com.au/_next/image?url=https%3A%2F%2Fcdn.productimages.coles.com.au%2Fproductimages%2F7%2F7033926.jpg&w=640&q=90",
      "product_url": "https://www.coles.com.au/product/pasta-italia-ricotta-and-spinach-ravioli-400g-7033926",
      "category": "down-down",
      "brand": null,
      "weight_size": null,
      "per_unit_price": "$1.25 per 100gWas $7.00 on Jun 2025",
      "rating": null,
      "review_count": null,
      "in_stock": true,
      "is_on_sale": false,
      "scraped_at": "2025-08-05T17:43:23.133Z",
      "page_number": 9,
      "source_url": "https://www.coles.com.au/browse/down-down?page=9",
      "is_sponsored": null
    },
    {
      "title": "Pasta Italia Pancetta & Smoked Mozzarella Ravioli | 400g",
      "current_price": 5,
      "original_price": null,
      "discount_percentage": null,
      "discount_amount": null,
      "image_url": "https://www.coles.com.au/_next/image?url=https%3A%2F%2Fcdn.productimages.coles.com.au%2Fproductimages%2F7%2F7033959.jpg&w=640&q=90",
      "product_url": "https://www.coles.com.au/product/pasta-italia-pancetta-and-smoked-mozzarella-ravioli-400g-7033959",
      "category": "down-down",
      "brand": null,
      "weight_size": null,
      "per_unit_price": "$1.25 per 100gWas $7.00 on Jun 2025",
      "rating": null,
      "review_count": null,
      "in_stock": true,
      "is_on_sale": false,
      "scraped_at": "2025-08-05T17:43:23.133Z",
      "page_number": 9,
      "source_url": "https://www.coles.com.au/browse/down-down?page=9",
      "is_sponsored": null
    },
    {
      "title": "Youfoodz Fueld Creamy Chicken Alfredo Tortellini | 400g",
      "current_price": 10.8,
      "original_price": null,
      "discount_percentage": null,
      "discount_amount": null,
      "image_url": "https://www.coles.com.au/_next/image?url=https%3A%2F%2Fcdn.productimages.coles.com.au%2Fproductimages%2F7%2F7078618.jpg&w=640&q=90",
      "product_url": "https://www.coles.com.au/product/youfoodz-fueld-creamy-chicken-alfredo-tortellini-400g-7078618",
      "category": "down-down",
      "brand": null,
      "weight_size": null,
      "per_unit_price": "$2.70 per 100gWas $12.00 on Jun 2025",
      "rating": null,
      "review_count": null,
      "in_stock": true,
      "is_on_sale": false,
      "scraped_at": "2025-08-05T17:43:23.133Z",
      "page_number": 9,
      "source_url": "https://www.coles.com.au/browse/down-down?page=9",
      "is_sponsored": null
    },
    {
      "title": "Youfoodz Fueld Butter Chicken | 436g",
      "current_price": 10.8,
      "original_price": null,
      "discount_percentage": null,
      "discount_amount": null,
      "image_url": "https://www.coles.com.au/_next/image?url=https%3A%2F%2Fcdn.productimages.coles.com.au%2Fproductimages%2F7%2F7078844.jpg&w=640&q=90",
      "product_url": "https://www.coles.com.au/product/youfoodz-fueld-butter-chicken-436g-7078844",
      "category": "down-down",
      "brand": null,
      "weight_size": null,
      "per_unit_price": "$2.48 per 100gWas $12.00 on Jun 2025",
      "rating": null,
      "review_count": null,
      "in_stock": true,
      "is_on_sale": false,
      "scraped_at": "2025-08-05T17:43:23.133Z",
      "page_number": 9,
      "source_url": "https://www.coles.com.au/browse/down-down?page=9",
      "is_sponsored": null
    },
    {
      "title": "Peters Original Twin Pole Lemon Lime Ice Blocks 8 Pack | 544mL",
      "current_price": 5.5,
      "original_price": null,
      "discount_percentage": null,
      "discount_amount": null,
      "image_url": "https://www.coles.com.au/_next/image?url=https%3A%2F%2Fcdn.productimages.coles.com.au%2Fproductimages%2F7%2F7082885.jpg&w=640&q=90",
      "product_url": "https://www.coles.com.au/product/peters-original-twin-pole-lemon-lime-ice-blocks-8-pack-544ml-7082885",
      "category": "down-down",
      "brand": null,
      "weight_size": null,
      "per_unit_price": "$1.01 per 100mLWas $8.00 on Jun 2025",
      "rating": null,
      "review_count": null,
      "in_stock": true,
      "is_on_sale": false,
      "scraped_at": "2025-08-05T17:43:23.133Z",
      "page_number": 9,
      "source_url": "https://www.coles.com.au/browse/down-down?page=9",
      "is_sponsored": null
    },
    {
      "title": "Clearblue Early. Detection 7pk | 7 PACK",
      "current_price": 32,
      "original_price": null,
      "discount_percentage": null,
      "discount_amount": null,
      "image_url": "https://www.coles.com.au/_next/image?url=https%3A%2F%2Fcdn.productimages.coles.com.au%2Fproductimages%2F7%2F7084916.jpg&w=640&q=90",
      "product_url": "https://www.coles.com.au/product/clearblue-early.-detection-7pk-7-pack-7084916",
      "category": "down-down",
      "brand": null,
      "weight_size": null,
      "per_unit_price": "$4.57 per 1eaWas $36.00 on Jul 2025",
      "rating": null,
      "review_count": null,
      "in_stock": true,
      "is_on_sale": false,
      "scraped_at": "2025-08-05T17:43:23.133Z",
      "page_number": 9,
      "source_url": "https://www.coles.com.au/browse/down-down?page=9",
      "is_sponsored": null
    },
    {
      "title": "Wild Tides Salmon In Springwater | 95g",
      "current_price": 2,
      "original_price": null,
      "discount_percentage": null,
      "discount_amount": null,
      "image_url": "https://www.coles.com.au/_next/image?url=https%3A%2F%2Fcdn.productimages.coles.com.au%2Fproductimages%2F7%2F7175341.jpg&w=640&q=90",
      "product_url": "https://www.coles.com.au/product/wild-tides-salmon-in-springwater-95g-7175341",
      "category": "down-down",
      "brand": null,
      "weight_size": null,
      "per_unit_price": "$21.05 per 1kgWas $2.90 on Jul 2025",
      "rating": null,
      "review_count": null,
      "in_stock": true,
      "is_on_sale": false,
      "scraped_at": "2025-08-05T17:43:23.133Z",
      "page_number": 9,
      "source_url": "https://www.coles.com.au/browse/down-down?page=9",
      "is_sponsored": null
    },
    {
      "title": "Wild Tides Salmon Hickory Smoke | 95g",
      "current_price": 2,
      "original_price": null,
      "discount_percentage": null,
      "discount_amount": null,
      "image_url": "https://www.coles.com.au/_next/image?url=https%3A%2F%2Fcdn.productimages.coles.com.au%2Fproductimages%2F7%2F7175556.jpg&w=640&q=90",
      "product_url": "https://www.coles.com.au/product/wild-tides-salmon-hickory-smoke-95g-7175556",
      "category": "down-down",
      "brand": null,
      "weight_size": null,
      "per_unit_price": "$21.05 per 1kgWas $2.90 on Jul 2025",
      "rating": null,
      "review_count": null,
      "in_stock": true,
      "is_on_sale": false,
      "scraped_at": "2025-08-05T17:43:23.133Z",
      "page_number": 9,
      "source_url": "https://www.coles.com.au/browse/down-down?page=9",
      "is_sponsored": null
    },
    {
      "title": "Wild Tides Salmon In Olive Oil | 95g",
      "current_price": 2,
      "original_price": null,
      "discount_percentage": null,
      "discount_amount": null,
      "image_url": "https://www.coles.com.au/_next/image?url=https%3A%2F%2Fcdn.productimages.coles.com.au%2Fproductimages%2F7%2F7175975.jpg&w=640&q=90",
      "product_url": "https://www.coles.com.au/product/wild-tides-salmon-in-olive-oil-95g-7175975",
      "category": "down-down",
      "brand": null,
      "weight_size": null,
      "per_unit_price": "$21.05 per 1kgWas $2.90 on Jul 2025",
      "rating": null,
      "review_count": null,
      "in_stock": true,
      "is_on_sale": false,
      "scraped_at": "2025-08-05T17:43:23.133Z",
      "page_number": 9,
      "source_url": "https://www.coles.com.au/browse/down-down?page=9",
      "is_sponsored": null
    },
    {
      "title": "Wild Tides Salmon With Lemon And Cracked Pepper | 95g",
      "current_price": 2,
      "original_price": null,
      "discount_percentage": null,
      "discount_amount": null,
      "image_url": "https://www.coles.com.au/_next/image?url=https%3A%2F%2Fcdn.productimages.coles.com.au%2Fproductimages%2F7%2F7176005.jpg&w=640&q=90",
      "product_url": "https://www.coles.com.au/product/wild-tides-salmon-with-lemon-and-cracked-pepper-95g-7176005",
      "category": "down-down",
      "brand": null,
      "weight_size": null,
      "per_unit_price": "$21.05 per 1kgWas $2.90 on Jul 2025",
      "rating": null,
      "review_count": null,
      "in_stock": true,
      "is_on_sale": false,
      "scraped_at": "2025-08-05T17:43:23.133Z",
      "page_number": 9,
      "source_url": "https://www.coles.com.au/browse/down-down?page=9",
      "is_sponsored": null
    },
    {
      "title": "Dr Pepper Soft Drink Can | 330mL",
      "current_price": 2.9,
      "original_price": null,
      "discount_percentage": null,
      "discount_amount": null,
      "image_url": "https://www.coles.com.au/_next/image?url=https%3A%2F%2Fcdn.productimages.coles.com.au%2Fproductimages%2F7%2F7223830.jpg&w=640&q=90",
      "product_url": "https://www.coles.com.au/product/dr-pepper-soft-drink-can-330ml-7223830",
      "category": "down-down",
      "brand": null,
      "weight_size": null,
      "per_unit_price": "$8.79 per 1LWas $3.10 on Jul 2025",
      "rating": null,
      "review_count": null,
      "in_stock": true,
      "is_on_sale": false,
      "scraped_at": "2025-08-05T17:43:23.133Z",
      "page_number": 9,
      "source_url": "https://www.coles.com.au/browse/down-down?page=9",
      "is_sponsored": null
    },
    {
      "title": "Coles RSPCA Approved Chicken Stir Fry | 600g",
      "current_price": 9,
      "original_price": null,
      "discount_percentage": null,
      "discount_amount": null,
      "image_url": "https://www.coles.com.au/_next/image?url=https%3A%2F%2Fcdn.productimages.coles.com.au%2Fproductimages%2F7%2F7363432.jpg&w=640&q=90",
      "product_url": "https://www.coles.com.au/product/coles-rspca-approved-chicken-stir-fry-600g-7363432",
      "category": "down-down",
      "brand": null,
      "weight_size": null,
      "per_unit_price": "$15.00 per 1kgWas $11.00 on Jun 2025",
      "rating": null,
      "review_count": null,
      "in_stock": true,
      "is_on_sale": false,
      "scraped_at": "2025-08-05T17:43:23.133Z",
      "page_number": 9,
      "source_url": "https://www.coles.com.au/browse/down-down?page=9",
      "is_sponsored": null
    },
    {
      "title": "All Natural Bakery Apricot Almond Yoghurt Oat Slices | 100g",
      "current_price": 2.9,
      "original_price": null,
      "discount_percentage": null,
      "discount_amount": null,
      "image_url": "https://www.coles.com.au/_next/image?url=https%3A%2F%2Fcdn.productimages.coles.com.au%2Fproductimages%2F7%2F7398379.jpg&w=640&q=90",
      "product_url": "https://www.coles.com.au/product/all-natural-bakery-apricot-almond-yoghurt-oat-slices-100g-7398379",
      "category": "down-down",
      "brand": null,
      "weight_size": null,
      "per_unit_price": "$2.90 per 100gWas $3.25 on Jul 2025",
      "rating": null,
      "review_count": null,
      "in_stock": true,
      "is_on_sale": false,
      "scraped_at": "2025-08-05T17:43:23.133Z",
      "page_number": 9,
      "source_url": "https://www.coles.com.au/browse/down-down?page=9",
      "is_sponsored": null
    },
    {
      "title": "All Natural Bakery Fruit And Nut Oat Slices | 100g",
      "current_price": 2.9,
      "original_price": null,
      "discount_percentage": null,
      "discount_amount": null,
      "image_url": "https://www.coles.com.au/_next/image?url=https%3A%2F%2Fcdn.productimages.coles.com.au%2Fproductimages%2F7%2F7398426.jpg&w=640&q=90",
      "product_url": "https://www.coles.com.au/product/all-natural-bakery-fruit-and-nut-oat-slices-100g-7398426",
      "category": "down-down",
      "brand": null,
      "weight_size": null,
      "per_unit_price": "$2.90 per 100gWas $3.25 on Jul 2025",
      "rating": null,
      "review_count": null,
      "in_stock": true,
      "is_on_sale": false,
      "scraped_at": "2025-08-05T17:43:23.133Z",
      "page_number": 9,
      "source_url": "https://www.coles.com.au/browse/down-down?page=9",
      "is_sponsored": null
    },
    {
      "title": "Sunrice Jasmine Rice | 2kg",
      "current_price": 6.5,
      "original_price": null,
      "discount_percentage": null,
      "discount_amount": null,
      "image_url": "https://www.coles.com.au/_next/image?url=https%3A%2F%2Fcdn.productimages.coles.com.au%2Fproductimages%2F7%2F7423217.jpg&w=640&q=90",
      "product_url": "https://www.coles.com.au/product/sunrice-jasmine-rice-2kg-7423217",
      "category": "down-down",
      "brand": null,
      "weight_size": null,
      "per_unit_price": "$0.33 per 100gWas $8.60 on Jun 2025",
      "rating": null,
      "review_count": null,
      "in_stock": true,
      "is_on_sale": false,
      "scraped_at": "2025-08-05T17:43:23.133Z",
      "page_number": 9,
      "source_url": "https://www.coles.com.au/browse/down-down?page=9",
      "is_sponsored": null
    },
    {
      "title": "Blue Bird Rashuns Cheese & Bacon Flavoured Corn Snacks | 150g",
      "current_price": 3,
      "original_price": null,
      "discount_percentage": null,
      "discount_amount": null,
      "image_url": "https://www.coles.com.au/_next/image?url=https%3A%2F%2Fcdn.productimages.coles.com.au%2Fproductimages%2F7%2F7428130.jpg&w=640&q=90",
      "product_url": "https://www.coles.com.au/product/blue-bird-rashuns-cheese-and-bacon-flavoured-corn-snacks-150g-7428130",
      "category": "down-down",
      "brand": null,
      "weight_size": null,
      "per_unit_price": "$2.00 per 100gWas $5.50 on Jul 2025",
      "rating": null,
      "review_count": null,
      "in_stock": true,
      "is_on_sale": false,
      "scraped_at": "2025-08-05T17:43:23.133Z",
      "page_number": 9,
      "source_url": "https://www.coles.com.au/browse/down-down?page=9",
      "is_sponsored": null
    },
    {
      "title": "Goodspace Anxiety Aid Chewing Gum | 10 pack",
      "current_price": 7.5,
      "original_price": null,
      "discount_percentage": null,
      "discount_amount": null,
      "image_url": "https://www.coles.com.au/_next/image?url=https%3A%2F%2Fcdn.productimages.coles.com.au%2Fproductimages%2F7%2F7500840.jpg&w=640&q=90",
      "product_url": "https://www.coles.com.au/product/goodspace-anxiety-aid-chewing-gum-10-pack-7500840",
      "category": "down-down",
      "brand": null,
      "weight_size": null,
      "per_unit_price": "$0.75 per 1eaWas $9.95 on Jul 2025",
      "rating": null,
      "review_count": null,
      "in_stock": true,
      "is_on_sale": false,
      "scraped_at": "2025-08-05T17:43:23.133Z",
      "page_number": 9,
      "source_url": "https://www.coles.com.au/browse/down-down?page=9",
      "is_sponsored": null
    },
    {
      "title": "HB Belly Me Probiotic Drink 80 Billion | 100mL",
      "current_price": 6.5,
      "original_price": null,
      "discount_percentage": null,
      "discount_amount": null,
      "image_url": "https://www.coles.com.au/_next/image?url=https%3A%2F%2Fcdn.productimages.coles.com.au%2Fproductimages%2F7%2F7523878.jpg&w=640&q=90",
      "product_url": "https://www.coles.com.au/product/hb-belly-me-probiotic-drink-80-billion-100ml-7523878",
      "category": "down-down",
      "brand": null,
      "weight_size": null,
      "per_unit_price": "$65.00 per 1LWas $12.50 on Jul 2025",
      "rating": null,
      "review_count": null,
      "in_stock": true,
      "is_on_sale": false,
      "scraped_at": "2025-08-05T17:43:23.133Z",
      "page_number": 9,
      "source_url": "https://www.coles.com.au/browse/down-down?page=9",
      "is_sponsored": null
    },
    {
      "title": "Green Nation Soy Wax Candle Lemongrass 200g | 1 each",
      "current_price": 14,
      "original_price": null,
      "discount_percentage": null,
      "discount_amount": null,
      "image_url": "https://www.coles.com.au/_next/image?url=https%3A%2F%2Fcdn.productimages.coles.com.au%2Fproductimages%2F7%2F7534091.jpg&w=640&q=90",
      "product_url": "https://www.coles.com.au/product/green-nation-soy-wax-candle-lemongrass-200g-1-each-7534091",
      "category": "down-down",
      "brand": null,
      "weight_size": null,
      "per_unit_price": "$14.00 per 1eaWas $16.00 on May 2025",
      "rating": null,
      "review_count": null,
      "in_stock": true,
      "is_on_sale": false,
      "scraped_at": "2025-08-05T17:43:23.133Z",
      "page_number": 9,
      "source_url": "https://www.coles.com.au/browse/down-down?page=9",
      "is_sponsored": null
    },
    {
      "title": "Sunsilk Longer & Stronger Shampoo | 350mL",
      "current_price": 5,
      "original_price": null,
      "discount_percentage": null,
      "discount_amount": null,
      "image_url": "https://www.coles.com.au/_next/image?url=https%3A%2F%2Fcdn.productimages.coles.com.au%2Fproductimages%2F7%2F7547887.jpg&w=640&q=90",
      "product_url": "https://www.coles.com.au/product/sunsilk-longer-and-stronger-shampoo-350ml-7547887",
      "category": "down-down",
      "brand": null,
      "weight_size": null,
      "per_unit_price": "$1.43 per 100mLWas $7.50 on Jul 2025",
      "rating": null,
      "review_count": null,
      "in_stock": true,
      "is_on_sale": false,
      "scraped_at": "2025-08-05T17:43:23.133Z",
      "page_number": 9,
      "source_url": "https://www.coles.com.au/browse/down-down?page=9",
      "is_sponsored": null
    },
    {
      "title": "Sunsilk Addictive Brilliant Shine Shampoo | 350mL",
      "current_price": 5,
      "original_price": null,
      "discount_percentage": null,
      "discount_amount": null,
      "image_url": "https://www.coles.com.au/_next/image?url=https%3A%2F%2Fcdn.productimages.coles.com.au%2Fproductimages%2F7%2F7547898.jpg&w=640&q=90",
      "product_url": "https://www.coles.com.au/product/sunsilk-addictive-brilliant-shine-shampoo-350ml-7547898",
      "category": "down-down",
      "brand": null,
      "weight_size": null,
      "per_unit_price": "$1.43 per 100mLWas $7.50 on Jul 2025",
      "rating": null,
      "review_count": null,
      "in_stock": true,
      "is_on_sale": false,
      "scraped_at": "2025-08-05T17:43:23.133Z",
      "page_number": 9,
      "source_url": "https://www.coles.com.au/browse/down-down?page=9",
      "is_sponsored": null
    },
    {
      "title": "Sunsilk Detox For Men Shampoo | 350mL",
      "current_price": 5,
      "original_price": null,
      "discount_percentage": null,
      "discount_amount": null,
      "image_url": "https://www.coles.com.au/_next/image?url=https%3A%2F%2Fcdn.productimages.coles.com.au%2Fproductimages%2F7%2F7547912.jpg&w=640&q=90",
      "product_url": "https://www.coles.com.au/product/sunsilk-detox-for-men-shampoo-350ml-7547912",
      "category": "down-down",
      "brand": null,
      "weight_size": null,
      "per_unit_price": "$1.43 per 100mLWas $7.50 on Jul 2025",
      "rating": null,
      "review_count": null,
      "in_stock": true,
      "is_on_sale": false,
      "scraped_at": "2025-08-05T17:43:23.133Z",
      "page_number": 9,
      "source_url": "https://www.coles.com.au/browse/down-down?page=9",
      "is_sponsored": null
    },
    {
      "title": "Sunsilk Longer & Stronger Conditioner | 350mL",
      "current_price": 5,
      "original_price": null,
      "discount_percentage": null,
      "discount_amount": null,
      "image_url": "https://www.coles.com.au/_next/image?url=https%3A%2F%2Fcdn.productimages.coles.com.au%2Fproductimages%2F7%2F7548948.jpg&w=640&q=90",
      "product_url": "https://www.coles.com.au/product/sunsilk-longer-and-stronger-conditioner-350ml-7548948",
      "category": "down-down",
      "brand": null,
      "weight_size": null,
      "per_unit_price": "$1.43 per 100mLWas $7.50 on Jul 2025",
      "rating": null,
      "review_count": null,
      "in_stock": true,
      "is_on_sale": false,
      "scraped_at": "2025-08-05T17:43:23.133Z",
      "page_number": 9,
      "source_url": "https://www.coles.com.au/browse/down-down?page=9",
      "is_sponsored": null
    },
    {
      "title": "Sunsilk Addictive Brilliant Shine Conditioner | 350mL",
      "current_price": 5,
      "original_price": null,
      "discount_percentage": null,
      "discount_amount": null,
      "image_url": "https://www.coles.com.au/_next/image?url=https%3A%2F%2Fcdn.productimages.coles.com.au%2Fproductimages%2F7%2F7548959.jpg&w=640&q=90",
      "product_url": "https://www.coles.com.au/product/sunsilk-addictive-brilliant-shine-conditioner-350ml-7548959",
      "category": "down-down",
      "brand": null,
      "weight_size": null,
      "per_unit_price": "$1.43 per 100mLWas $7.50 on Jul 2025",
      "rating": null,
      "review_count": null,
      "in_stock": true,
      "is_on_sale": false,
      "scraped_at": "2025-08-05T17:43:23.133Z",
      "page_number": 9,
      "source_url": "https://www.coles.com.au/browse/down-down?page=9",
      "is_sponsored": null
    },
    {
      "title": "Suimin Mi Goreng Noodle Cup | 70g",
      "current_price": 2,
      "original_price": null,
      "discount_percentage": null,
      "discount_amount": null,
      "image_url": "https://www.coles.com.au/_next/image?url=https%3A%2F%2Fcdn.productimages.coles.com.au%2Fproductimages%2F7%2F7588319.jpg&w=640&q=90",
      "product_url": "https://www.coles.com.au/product/suimin-mi-goreng-noodle-cup-70g-7588319",
      "category": "down-down",
      "brand": null,
      "weight_size": null,
      "per_unit_price": "$2.86 per 100gWas $2.40 on Jul 2025",
      "rating": null,
      "review_count": null,
      "in_stock": true,
      "is_on_sale": false,
      "scraped_at": "2025-08-05T17:43:23.133Z",
      "page_number": 9,
      "source_url": "https://www.coles.com.au/browse/down-down?page=9",
      "is_sponsored": null
    },
    {
      "title": "Coles Kitchen Ancient Grain & Chickpea Medley | 750g",
      "current_price": 4.5,
      "original_price": null,
      "discount_percentage": null,
      "discount_amount": null,
      "image_url": "https://www.coles.com.au/_next/image?url=https%3A%2F%2Fcdn.productimages.coles.com.au%2Fproductimages%2F7%2F7644952.jpg&w=640&q=90",
      "product_url": "https://www.coles.com.au/product/coles-kitchen-ancient-grain-and-chickpea-medley-750g-7644952",
      "category": "down-down",
      "brand": null,
      "weight_size": null,
      "per_unit_price": "$6.00 per 1kgWas $5.50 on Jun 2025",
      "rating": null,
      "review_count": null,
      "in_stock": true,
      "is_on_sale": false,
      "scraped_at": "2025-08-05T17:43:23.133Z",
      "page_number": 9,
      "source_url": "https://www.coles.com.au/browse/down-down?page=9",
      "is_sponsored": null
    },
    {
      "title": "Coles Perform Pea & Bacon Snack Soup | 220g",
      "current_price": 3,
      "original_price": null,
      "discount_percentage": null,
      "discount_amount": null,
      "image_url": "https://www.coles.com.au/_next/image?url=https%3A%2F%2Fcdn.productimages.coles.com.au%2Fproductimages%2F7%2F7648647.jpg&w=640&q=90",
      "product_url": "https://www.coles.com.au/product/coles-perform-pea-and-bacon-snack-soup-220g-7648647",
      "category": "down-down",
      "brand": null,
      "weight_size": null,
      "per_unit_price": "$1.36 per 100gWas $3.50 on Jul 2025",
      "rating": null,
      "review_count": null,
      "in_stock": true,
      "is_on_sale": false,
      "scraped_at": "2025-08-05T17:43:23.133Z",
      "page_number": 9,
      "source_url": "https://www.coles.com.au/browse/down-down?page=9",
      "is_sponsored": null
    },
    {
      "title": "Coles Perform Smoky Chicken & Chickpea Snack Soup | 220g",
      "current_price": 3,
      "original_price": null,
      "discount_percentage": null,
      "discount_amount": null,
      "image_url": "https://www.coles.com.au/_next/image?url=https%3A%2F%2Fcdn.productimages.coles.com.au%2Fproductimages%2F7%2F7650004.jpg&w=640&q=90",
      "product_url": "https://www.coles.com.au/product/coles-perform-smoky-chicken-and-chickpea-snack-soup-220g-7650004",
      "category": "down-down",
      "brand": null,
      "weight_size": null,
      "per_unit_price": "$1.36 per 100gWas $3.50 on Jul 2025",
      "rating": null,
      "review_count": null,
      "in_stock": true,
      "is_on_sale": false,
      "scraped_at": "2025-08-05T17:43:23.133Z",
      "page_number": 9,
      "source_url": "https://www.coles.com.au/browse/down-down?page=9",
      "is_sponsored": null
    },
    {
      "title": "Sunbites Biscuit Crackers Share Pack Sour Cream & Chives | 110g",
      "current_price": 2.5,
      "original_price": null,
      "discount_percentage": null,
      "discount_amount": null,
      "image_url": "https://www.coles.com.au/_next/image?url=https%3A%2F%2Fcdn.productimages.coles.com.au%2Fproductimages%2F7%2F7650140.jpg&w=640&q=90",
      "product_url": "https://www.coles.com.au/product/sunbites-biscuit-crackers-share-pack-sour-cream-and-chives-110g-7650140",
      "category": "down-down",
      "brand": null,
      "weight_size": null,
      "per_unit_price": "$2.27 per 100gWas $3.30 on May 2025",
      "rating": null,
      "review_count": null,
      "in_stock": true,
      "is_on_sale": false,
      "scraped_at": "2025-08-05T17:43:23.133Z",
      "page_number": 9,
      "source_url": "https://www.coles.com.au/browse/down-down?page=9",
      "is_sponsored": null
    },
    {
      "title": "Kurrajong Jersey Maes Crackers | 120g",
      "current_price": 3,
      "original_price": null,
      "discount_percentage": null,
      "discount_amount": null,
      "image_url": "https://www.coles.com.au/_next/image?url=https%3A%2F%2Fcdn.productimages.coles.com.au%2Fproductimages%2F7%2F7659880.jpg&w=640&q=90",
      "product_url": "https://www.coles.com.au/product/kurrajong-jersey-maes-crackers-120g-7659880",
      "category": "down-down",
      "brand": null,
      "weight_size": null,
      "per_unit_price": "$2.50 per 100gWas $3.70 on Jun 2025",
      "rating": null,
      "review_count": null,
      "in_stock": true,
      "is_on_sale": false,
      "scraped_at": "2025-08-05T17:43:23.133Z",
      "page_number": 9,
      "source_url": "https://www.coles.com.au/browse/down-down?page=9",
      "is_sponsored": null
    },
    {
      "title": "Toscano Liege Style Waffles 6 Pack | 270g",
      "current_price": 6,
      "original_price": null,
      "discount_percentage": null,
      "discount_amount": null,
      "image_url": "https://www.coles.com.au/_next/image?url=https%3A%2F%2Fcdn.productimages.coles.com.au%2Fproductimages%2F7%2F7677598.jpg&w=640&q=90",
      "product_url": "https://www.coles.com.au/product/toscano-liege-style-waffles-6-pack-270g-7677598",
      "category": "down-down",
      "brand": null,
      "weight_size": null,
      "per_unit_price": "$2.22 per 100gWas $7.00 on Jul 2025",
      "rating": null,
      "review_count": null,
      "in_stock": true,
      "is_on_sale": false,
      "scraped_at": "2025-08-05T17:43:23.133Z",
      "page_number": 9,
      "source_url": "https://www.coles.com.au/browse/down-down?page=9",
      "is_sponsored": null
    },
    {
      "title": "Strepsil Herbal Chesty Cough Lozenge Honey Lemon | 32 pack",
      "current_price": 12.5,
      "original_price": null,
      "discount_percentage": null,
      "discount_amount": null,
      "image_url": "https://www.coles.com.au/_next/image?url=https%3A%2F%2Fcdn.productimages.coles.com.au%2Fproductimages%2F7%2F7750020.jpg&w=640&q=90",
      "product_url": "https://www.coles.com.au/product/strepsil-herbal-chesty-cough-lozenge-honey-lemon-32-pack-7750020",
      "category": "down-down",
      "brand": null,
      "weight_size": null,
      "per_unit_price": "$0.39 per 1eaWas $15.00 on Jun 2025",
      "rating": null,
      "review_count": null,
      "in_stock": true,
      "is_on_sale": false,
      "scraped_at": "2025-08-05T17:43:23.133Z",
      "page_number": 9,
      "source_url": "https://www.coles.com.au/browse/down-down?page=9",
      "is_sponsored": null
    },
    {
      "title": "Remedy Sodaly Passionfruit | 330mL",
      "current_price": 2.9,
      "original_price": null,
      "discount_percentage": null,
      "discount_amount": null,
      "image_url": "https://www.coles.com.au/_next/image?url=https%3A%2F%2Fcdn.productimages.coles.com.au%2Fproductimages%2F7%2F7757085.jpg&w=640&q=90",
      "product_url": "https://www.coles.com.au/product/remedy-sodaly-passionfruit-330ml-7757085",
      "category": "down-down",
      "brand": null,
      "weight_size": null,
      "per_unit_price": "$8.79 per 1LWas $4.00 on May 2025",
      "rating": null,
      "review_count": null,
      "in_stock": true,
      "is_on_sale": false,
      "scraped_at": "2025-08-05T17:43:23.133Z",
      "page_number": 9,
      "source_url": "https://www.coles.com.au/browse/down-down?page=9",
      "is_sponsored": null
    },
    {
      "title": "Vicks Vapordrops Butter Menthol | 70 pack",
      "current_price": 11.5,
      "original_price": null,
      "discount_percentage": null,
      "discount_amount": null,
      "image_url": "https://www.coles.com.au/_next/image?url=https%3A%2F%2Fcdn.productimages.coles.com.au%2Fproductimages%2F7%2F7757336.jpg&w=640&q=90",
      "product_url": "https://www.coles.com.au/product/vicks-vapordrops-butter-menthol-70-pack-7757336",
      "category": "down-down",
      "brand": null,
      "weight_size": null,
      "per_unit_price": "$0.16 per 1eaWas $13.50 on Jul 2025",
      "rating": null,
      "review_count": null,
      "in_stock": true,
      "is_on_sale": false,
      "scraped_at": "2025-08-05T17:43:23.133Z",
      "page_number": 9,
      "source_url": "https://www.coles.com.au/browse/down-down?page=9",
      "is_sponsored": null
    },
    {
      "title": "Vicks Vapordrops Original Menthol | 70 pack",
      "current_price": 11.5,
      "original_price": null,
      "discount_percentage": null,
      "discount_amount": null,
      "image_url": "https://www.coles.com.au/_next/image?url=https%3A%2F%2Fcdn.productimages.coles.com.au%2Fproductimages%2F7%2F7757347.jpg&w=640&q=90",
      "product_url": "https://www.coles.com.au/product/vicks-vapordrops-original-menthol-70-pack-7757347",
      "category": "down-down",
      "brand": null,
      "weight_size": null,
      "per_unit_price": "$0.16 per 1eaWas $13.50 on Jul 2025",
      "rating": null,
      "review_count": null,
      "in_stock": true,
      "is_on_sale": false,
      "scraped_at": "2025-08-05T17:43:23.133Z",
      "page_number": 9,
      "source_url": "https://www.coles.com.au/browse/down-down?page=9",
      "is_sponsored": null
    },
    {
      "title": "Vicks Vaporub Extra Strong | 50g",
      "current_price": 9.5,
      "original_price": null,
      "discount_percentage": null,
      "discount_amount": null,
      "image_url": "https://www.coles.com.au/_next/image?url=https%3A%2F%2Fcdn.productimages.coles.com.au%2Fproductimages%2F7%2F7757358.jpg&w=640&q=90",
      "product_url": "https://www.coles.com.au/product/vicks-vaporub-extra-strong-50g-7757358",
      "category": "down-down",
      "brand": null,
      "weight_size": null,
      "per_unit_price": "$19.00 per 100gWas $11.90 on Jul 2025",
      "rating": null,
      "review_count": null,
      "in_stock": true,
      "is_on_sale": false,
      "scraped_at": "2025-08-05T17:43:23.133Z",
      "page_number": 9,
      "source_url": "https://www.coles.com.au/browse/down-down?page=9",
      "is_sponsored": null
    },
    {
      "title": "Youfoodz Fueld Smokey Bbq Chicken | 400g",
      "current_price": 10.8,
      "original_price": null,
      "discount_percentage": null,
      "discount_amount": null,
      "image_url": "https://www.coles.com.au/_next/image?url=https%3A%2F%2Fcdn.productimages.coles.com.au%2Fproductimages%2F7%2F7825120.jpg&w=640&q=90",
      "product_url": "https://www.coles.com.au/product/youfoodz-fueld-smokey-bbq-chicken-400g-7825120",
      "category": "down-down",
      "brand": null,
      "weight_size": null,
      "per_unit_price": "$2.70 per 100gWas $12.00 on Jun 2025",
      "rating": null,
      "review_count": null,
      "in_stock": true,
      "is_on_sale": false,
      "scraped_at": "2025-08-05T17:43:23.133Z",
      "page_number": 9,
      "source_url": "https://www.coles.com.au/browse/down-down?page=9",
      "is_sponsored": null
    }
  ],
  "summary": {
    "total_products": 57,
    "products_on_sale": 0,
    "products_with_ratings": 0,
    "average_price": 6.486842105263159,
    "price_range": {
      "min": 2,
      "max": 32
    }
  }
}