{
  "extraction_info": {
    "timestamp": "2025-08-05T17:42:01.663Z",
    "page_url": "https://www.coles.com.au/browse/down-down?page=2",
    "category": "down-down",
    "page_number": 2,
    "selector_set_used": "high_confidence",
    "total_products": 58,
    "total_elements_found": 58
  },
  "products": [
    {
      "title": "Nuttelex Original Spread | 500g",
      "current_price": 4.5,
      "original_price": null,
      "discount_percentage": null,
      "discount_amount": null,
      "image_url": "https://www.coles.com.au/_next/image?url=https%3A%2F%2Fcdn.productimages.coles.com.au%2Fproductimages%2F2%2F209161.jpg&w=640&q=90",
      "product_url": "https://www.coles.com.au/product/nuttelex-original-spread-500g-209161",
      "category": "down-down",
      "brand": null,
      "weight_size": null,
      "per_unit_price": "$0.90 per 100gWas $5.20 on May 2025",
      "rating": null,
      "review_count": null,
      "in_stock": true,
      "is_on_sale": false,
      "scraped_at": "2025-08-05T17:42:01.663Z",
      "page_number": 2,
      "source_url": "https://www.coles.com.au/browse/down-down?page=2",
      "is_sponsored": null
    },
    {
      "title": "Panadol Cold And Flu Plus Decongestant | 16 pack",
      "current_price": 10.3,
      "original_price": null,
      "discount_percentage": null,
      "discount_amount": null,
      "image_url": "https://www.coles.com.au/_next/image?url=https%3A%2F%2Fcdn.productimages.coles.com.au%2Fproductimages%2F8%2F8799058.jpg&w=640&q=90",
      "product_url": "https://www.coles.com.au/product/panadol-cold-and-flu-plus-decongestant-16-pack-8799058",
      "category": "down-down",
      "brand": null,
      "weight_size": null,
      "per_unit_price": "$0.64 per 1eaWas $11.45 on Jun 2025",
      "rating": null,
      "review_count": null,
      "in_stock": true,
      "is_on_sale": false,
      "scraped_at": "2025-08-05T17:42:01.663Z",
      "page_number": 2,
      "source_url": "https://www.coles.com.au/browse/down-down?page=2",
      "is_sponsored": true
    },
    {
      "title": "Bulldog Original Moisturiser Skincare For Men | 100mL",
      "current_price": 9.5,
      "original_price": null,
      "discount_percentage": null,
      "discount_amount": null,
      "image_url": "https://www.coles.com.au/_next/image?url=https%3A%2F%2Fcdn.productimages.coles.com.au%2Fproductimages%2F3%2F3365844.jpg&w=640&q=90",
      "product_url": "https://www.coles.com.au/product/bulldog-original-moisturiser-skincare-for-men-100ml-3365844",
      "category": "down-down",
      "brand": null,
      "weight_size": null,
      "per_unit_price": "$9.50 per 100mLWas $15.00 on Jun 2025",
      "rating": null,
      "review_count": null,
      "in_stock": true,
      "is_on_sale": false,
      "scraped_at": "2025-08-05T17:42:01.663Z",
      "page_number": 2,
      "source_url": "https://www.coles.com.au/browse/down-down?page=2",
      "is_sponsored": true
    },
    {
      "title": "Bellamy's Organic Porridge Baby Cereal | 125g",
      "current_price": 3.95,
      "original_price": null,
      "discount_percentage": null,
      "discount_amount": null,
      "image_url": "https://www.coles.com.au/_next/image?url=https%3A%2F%2Fcdn.productimages.coles.com.au%2Fproductimages%2F6%2F6038006.jpg&w=640&q=90",
      "product_url": "https://www.coles.com.au/product/bellamy's-organic-porridge-baby-cereal-125g-6038006",
      "category": "down-down",
      "brand": null,
      "weight_size": null,
      "per_unit_price": "$3.16 per 100gWas $4.40 on May 2025",
      "rating": null,
      "review_count": null,
      "in_stock": true,
      "is_on_sale": false,
      "scraped_at": "2025-08-05T17:42:01.663Z",
      "page_number": 2,
      "source_url": "https://www.coles.com.au/browse/down-down?page=2",
      "is_sponsored": true
    },
    {
      "title": "Nyal Ibuprofen Tablets | 24 pack",
      "current_price": 4,
      "original_price": null,
      "discount_percentage": null,
      "discount_amount": null,
      "image_url": "https://www.coles.com.au/_next/image?url=https%3A%2F%2Fcdn.productimages.coles.com.au%2Fproductimages%2F4%2F4968437.jpg&w=640&q=90",
      "product_url": "https://www.coles.com.au/product/nyal-ibuprofen-tablets-24-pack-4968437",
      "category": "down-down",
      "brand": null,
      "weight_size": null,
      "per_unit_price": "$0.17 per 1eaWas $5.00 on Jun 2025",
      "rating": null,
      "review_count": null,
      "in_stock": true,
      "is_on_sale": false,
      "scraped_at": "2025-08-05T17:42:01.663Z",
      "page_number": 2,
      "source_url": "https://www.coles.com.au/browse/down-down?page=2",
      "is_sponsored": true
    },
    {
      "title": "Batiste Blush Dry Shampoo | 350mL",
      "current_price": 15,
      "original_price": null,
      "discount_percentage": null,
      "discount_amount": null,
      "image_url": "https://www.coles.com.au/_next/image?url=https%3A%2F%2Fcdn.productimages.coles.com.au%2Fproductimages%2F4%2F4253799.jpg&w=640&q=90",
      "product_url": "https://www.coles.com.au/product/batiste-blush-dry-shampoo-350ml-4253799",
      "category": "down-down",
      "brand": null,
      "weight_size": null,
      "per_unit_price": "$4.29 per 100mLWas $19.00 on Jun 2025",
      "rating": null,
      "review_count": null,
      "in_stock": true,
      "is_on_sale": false,
      "scraped_at": "2025-08-05T17:42:01.663Z",
      "page_number": 2,
      "source_url": "https://www.coles.com.au/browse/down-down?page=2",
      "is_sponsored": true
    },
    {
      "title": "Obela Hommus To Go Dip & Crackers High Protein Jalapeno | 125g",
      "current_price": 3.9,
      "original_price": null,
      "discount_percentage": null,
      "discount_amount": null,
      "image_url": "https://www.coles.com.au/_next/image?url=https%3A%2F%2Fcdn.productimages.coles.com.au%2Fproductimages%2F8%2F8684883.jpg&w=640&q=90",
      "product_url": "https://www.coles.com.au/product/obela-hommus-to-go-dip-and-crackers-high-protein-jalapeno-125g-8684883",
      "category": "down-down",
      "brand": null,
      "weight_size": null,
      "per_unit_price": "$3.12 per 100gWas $4.50 on Jun 2025",
      "rating": null,
      "review_count": null,
      "in_stock": true,
      "is_on_sale": false,
      "scraped_at": "2025-08-05T17:42:01.663Z",
      "page_number": 2,
      "source_url": "https://www.coles.com.au/browse/down-down?page=2",
      "is_sponsored": true
    },
    {
      "title": "Bulldog Sensitive Moisturiser Skincare For Men | 100mL",
      "current_price": 9.5,
      "original_price": null,
      "discount_percentage": null,
      "discount_amount": null,
      "image_url": "https://www.coles.com.au/_next/image?url=https%3A%2F%2Fcdn.productimages.coles.com.au%2Fproductimages%2F3%2F3402601.jpg&w=640&q=90",
      "product_url": "https://www.coles.com.au/product/bulldog-sensitive-moisturiser-skincare-for-men-100ml-3402601",
      "category": "down-down",
      "brand": null,
      "weight_size": null,
      "per_unit_price": "$9.50 per 100mLWas $15.00 on Jun 2025",
      "rating": null,
      "review_count": null,
      "in_stock": true,
      "is_on_sale": false,
      "scraped_at": "2025-08-05T17:42:01.663Z",
      "page_number": 2,
      "source_url": "https://www.coles.com.au/browse/down-down?page=2",
      "is_sponsored": true
    },
    {
      "title": "Obela Hommus To Go Dip & Crackers High Protein Classic | 125g",
      "current_price": 3.9,
      "original_price": null,
      "discount_percentage": null,
      "discount_amount": null,
      "image_url": "https://www.coles.com.au/_next/image?url=https%3A%2F%2Fcdn.productimages.coles.com.au%2Fproductimages%2F8%2F8544126.jpg&w=640&q=90",
      "product_url": "https://www.coles.com.au/product/obela-hommus-to-go-dip-and-crackers-high-protein-classic-125g-8544126",
      "category": "down-down",
      "brand": null,
      "weight_size": null,
      "per_unit_price": "$3.12 per 100gWas $4.50 on Jun 2025",
      "rating": null,
      "review_count": null,
      "in_stock": true,
      "is_on_sale": false,
      "scraped_at": "2025-08-05T17:42:01.663Z",
      "page_number": 2,
      "source_url": "https://www.coles.com.au/browse/down-down?page=2",
      "is_sponsored": true
    },
    {
      "title": "Ziploc Freezer Bags Xlarge Resealable Food Storage | 10 Pack",
      "current_price": 4.5,
      "original_price": null,
      "discount_percentage": null,
      "discount_amount": null,
      "image_url": "https://www.coles.com.au/_next/image?url=https%3A%2F%2Fcdn.productimages.coles.com.au%2Fproductimages%2F6%2F6138317.jpg&w=640&q=90",
      "product_url": "https://www.coles.com.au/product/ziploc-freezer-bags-xlarge-resealable-food-storage-10-pack-6138317",
      "category": "down-down",
      "brand": null,
      "weight_size": null,
      "per_unit_price": "$0.45 per 1eaWas $5.50 on May 2025",
      "rating": null,
      "review_count": null,
      "in_stock": true,
      "is_on_sale": false,
      "scraped_at": "2025-08-05T17:42:01.663Z",
      "page_number": 2,
      "source_url": "https://www.coles.com.au/browse/down-down?page=2",
      "is_sponsored": true
    },
    {
      "title": "Herron Nicaway Nicotine Lozenge 4mg | 72 pack",
      "current_price": 22,
      "original_price": null,
      "discount_percentage": null,
      "discount_amount": null,
      "image_url": "https://www.coles.com.au/_next/image?url=https%3A%2F%2Fcdn.productimages.coles.com.au%2Fproductimages%2F3%2F3058437.jpg&w=640&q=90",
      "product_url": "https://www.coles.com.au/product/herron-nicaway-nicotine-lozenge-4mg-72-pack-3058437",
      "category": "down-down",
      "brand": null,
      "weight_size": null,
      "per_unit_price": "$0.31 per 1eaWas $26.00 on Aug 2025",
      "rating": null,
      "review_count": null,
      "in_stock": true,
      "is_on_sale": false,
      "scraped_at": "2025-08-05T17:42:01.663Z",
      "page_number": 2,
      "source_url": "https://www.coles.com.au/browse/down-down?page=2",
      "is_sponsored": true
    },
    {
      "title": "Selleys Rapid Mould Killer | 500mL",
      "current_price": 5.8,
      "original_price": null,
      "discount_percentage": null,
      "discount_amount": null,
      "image_url": "https://www.coles.com.au/_next/image?url=https%3A%2F%2Fcdn.productimages.coles.com.au%2Fproductimages%2F2%2F2107865.jpg&w=640&q=90",
      "product_url": "https://www.coles.com.au/product/selleys-rapid-mould-killer-500ml-2107865",
      "category": "down-down",
      "brand": null,
      "weight_size": null,
      "per_unit_price": "$1.16 per 100mLWas $6.45 on Jul 2025",
      "rating": null,
      "review_count": null,
      "in_stock": true,
      "is_on_sale": false,
      "scraped_at": "2025-08-05T17:42:01.663Z",
      "page_number": 2,
      "source_url": "https://www.coles.com.au/browse/down-down?page=2",
      "is_sponsored": null
    },
    {
      "title": "Bellamy's Organic Cereal Vanilla Rice Custard | 125g",
      "current_price": 3.95,
      "original_price": null,
      "discount_percentage": null,
      "discount_amount": null,
      "image_url": "https://www.coles.com.au/_next/image?url=https%3A%2F%2Fcdn.productimages.coles.com.au%2Fproductimages%2F2%2F2131553.jpg&w=640&q=90",
      "product_url": "https://www.coles.com.au/product/bellamy's-organic-cereal-vanilla-rice-custard-125g-2131553",
      "category": "down-down",
      "brand": null,
      "weight_size": null,
      "per_unit_price": "$3.16 per 100gWas $4.40 on May 2025",
      "rating": null,
      "review_count": null,
      "in_stock": true,
      "is_on_sale": false,
      "scraped_at": "2025-08-05T17:42:01.663Z",
      "page_number": 2,
      "source_url": "https://www.coles.com.au/browse/down-down?page=2",
      "is_sponsored": null
    },
    {
      "title": "Coles Deli Thawed MSC Smoked Cod Fillet | approx. 200g",
      "current_price": 3.4,
      "original_price": null,
      "discount_percentage": null,
      "discount_amount": null,
      "image_url": "https://www.coles.com.au/_next/image?url=https%3A%2F%2Fcdn.productimages.coles.com.au%2Fproductimages%2F2%2F222782.jpg&w=640&q=90",
      "product_url": "https://www.coles.com.au/product/coles-deli-thawed-msc-smoked-cod-fillet-approx.-200g-222782",
      "category": "down-down",
      "brand": null,
      "weight_size": null,
      "per_unit_price": "$17.00 per 1kgWas $3.70 on Jun 2025",
      "rating": null,
      "review_count": null,
      "in_stock": true,
      "is_on_sale": false,
      "scraped_at": "2025-08-05T17:42:01.663Z",
      "page_number": 2,
      "source_url": "https://www.coles.com.au/browse/down-down?page=2",
      "is_sponsored": null
    },
    {
      "title": "Fanta Soft Drink Fanta Orange | 2L",
      "current_price": 3.5,
      "original_price": null,
      "discount_percentage": null,
      "discount_amount": null,
      "image_url": "https://www.coles.com.au/_next/image?url=https%3A%2F%2Fcdn.productimages.coles.com.au%2Fproductimages%2F2%2F224857.jpg&w=640&q=90",
      "product_url": "https://www.coles.com.au/product/fanta-soft-drink-fanta-orange-2l-224857",
      "category": "down-down",
      "brand": null,
      "weight_size": null,
      "per_unit_price": "$1.75 per 1LWas $3.60 on Jun 2025",
      "rating": null,
      "review_count": null,
      "in_stock": true,
      "is_on_sale": false,
      "scraped_at": "2025-08-05T17:42:01.663Z",
      "page_number": 2,
      "source_url": "https://www.coles.com.au/browse/down-down?page=2",
      "is_sponsored": null
    },
    {
      "title": "Nanna's Frozen Golden & Crispy Snack Apple Pies | 450g",
      "current_price": 6.5,
      "original_price": null,
      "discount_percentage": null,
      "discount_amount": null,
      "image_url": "https://www.coles.com.au/_next/image?url=https%3A%2F%2Fcdn.productimages.coles.com.au%2Fproductimages%2F2%2F2266246.jpg&w=640&q=90",
      "product_url": "https://www.coles.com.au/product/nanna's-frozen-golden-and-crispy-snack-apple-pies-450g-2266246",
      "category": "down-down",
      "brand": null,
      "weight_size": null,
      "per_unit_price": "$1.44 per 100g",
      "rating": null,
      "review_count": null,
      "in_stock": true,
      "is_on_sale": false,
      "scraped_at": "2025-08-05T17:42:01.663Z",
      "page_number": 2,
      "source_url": "https://www.coles.com.au/browse/down-down?page=2",
      "is_sponsored": null
    },
    {
      "title": "Batiste Divine Dark Brown Dry Shampoo Plus | 200mL",
      "current_price": 10,
      "original_price": null,
      "discount_percentage": null,
      "discount_amount": null,
      "image_url": "https://www.coles.com.au/_next/image?url=https%3A%2F%2Fcdn.productimages.coles.com.au%2Fproductimages%2F2%2F2319273.jpg&w=640&q=90",
      "product_url": "https://www.coles.com.au/product/batiste-divine-dark-brown-dry-shampoo-plus-200ml-2319273",
      "category": "down-down",
      "brand": null,
      "weight_size": null,
      "per_unit_price": "$5.00 per 100mLWas $14.00 on Jun 2025",
      "rating": null,
      "review_count": null,
      "in_stock": true,
      "is_on_sale": false,
      "scraped_at": "2025-08-05T17:42:01.663Z",
      "page_number": 2,
      "source_url": "https://www.coles.com.au/browse/down-down?page=2",
      "is_sponsored": null
    },
    {
      "title": "Birds Eye Frozen Fish Fillets With Original Crumb Oven Bake 14 Pieces | 1kg",
      "current_price": 17,
      "original_price": null,
      "discount_percentage": null,
      "discount_amount": null,
      "image_url": "https://www.coles.com.au/_next/image?url=https%3A%2F%2Fcdn.productimages.coles.com.au%2Fproductimages%2F2%2F2359573.jpg&w=640&q=90",
      "product_url": "https://www.coles.com.au/product/birds-eye-frozen-fish-fillets-with-original-crumb-oven-bake-14-pieces-1kg-2359573",
      "category": "down-down",
      "brand": null,
      "weight_size": null,
      "per_unit_price": "$17.00 per 1kgWas $19.00 on Jun 2025",
      "rating": null,
      "review_count": null,
      "in_stock": true,
      "is_on_sale": false,
      "scraped_at": "2025-08-05T17:42:01.663Z",
      "page_number": 2,
      "source_url": "https://www.coles.com.au/browse/down-down?page=2",
      "is_sponsored": null
    },
    {
      "title": "Simson's Pantry Garlic Naan Bread | 250g",
      "current_price": 3.4,
      "original_price": null,
      "discount_percentage": null,
      "discount_amount": null,
      "image_url": "https://www.coles.com.au/_next/image?url=https%3A%2F%2Fcdn.productimages.coles.com.au%2Fproductimages%2F2%2F2361189.jpg&w=640&q=90",
      "product_url": "https://www.coles.com.au/product/simson's-pantry-garlic-naan-bread-250g-2361189",
      "category": "down-down",
      "brand": null,
      "weight_size": null,
      "per_unit_price": "$1.36 per 100gWas $4.00 on Jul 2025",
      "rating": null,
      "review_count": null,
      "in_stock": true,
      "is_on_sale": false,
      "scraped_at": "2025-08-05T17:42:01.663Z",
      "page_number": 2,
      "source_url": "https://www.coles.com.au/browse/down-down?page=2",
      "is_sponsored": null
    },
    {
      "title": "Little Bellies Organic Sweet Corn Round-A-Bouts | 12g",
      "current_price": 1.8,
      "original_price": null,
      "discount_percentage": null,
      "discount_amount": null,
      "image_url": "https://www.coles.com.au/_next/image?url=https%3A%2F%2Fcdn.productimages.coles.com.au%2Fproductimages%2F2%2F2367367.jpg&w=640&q=90",
      "product_url": "https://www.coles.com.au/product/little-bellies-organic-sweet-corn-round-a-bouts-12g-2367367",
      "category": "down-down",
      "brand": null,
      "weight_size": null,
      "per_unit_price": "$15.00 per 100gWas $2.00 on May 2025",
      "rating": null,
      "review_count": null,
      "in_stock": true,
      "is_on_sale": false,
      "scraped_at": "2025-08-05T17:42:01.663Z",
      "page_number": 2,
      "source_url": "https://www.coles.com.au/browse/down-down?page=2",
      "is_sponsored": null
    },
    {
      "title": "Hot Hands Hand Warmers | 2 Pack",
      "current_price": 1.65,
      "original_price": null,
      "discount_percentage": null,
      "discount_amount": null,
      "image_url": "https://www.coles.com.au/_next/image?url=https%3A%2F%2Fcdn.productimages.coles.com.au%2Fproductimages%2F2%2F2396274.jpg&w=640&q=90",
      "product_url": "https://www.coles.com.au/product/hot-hands-hand-warmers-2-pack-2396274",
      "category": "down-down",
      "brand": null,
      "weight_size": null,
      "per_unit_price": "$0.83 per 1eaWas $2.20 on May 2025",
      "rating": null,
      "review_count": null,
      "in_stock": true,
      "is_on_sale": false,
      "scraped_at": "2025-08-05T17:42:01.663Z",
      "page_number": 2,
      "source_url": "https://www.coles.com.au/browse/down-down?page=2",
      "is_sponsored": null
    },
    {
      "title": "Solo Soft Drink Lemon | 2L",
      "current_price": 3,
      "original_price": null,
      "discount_percentage": null,
      "discount_amount": null,
      "image_url": "https://www.coles.com.au/_next/image?url=https%3A%2F%2Fcdn.productimages.coles.com.au%2Fproductimages%2F2%2F240230.jpg&w=640&q=90",
      "product_url": "https://www.coles.com.au/product/solo-soft-drink-lemon-2l-240230",
      "category": "down-down",
      "brand": null,
      "weight_size": null,
      "per_unit_price": "$1.50 per 1LWas $3.80 on Jun 2025",
      "rating": null,
      "review_count": null,
      "in_stock": true,
      "is_on_sale": false,
      "scraped_at": "2025-08-05T17:42:01.663Z",
      "page_number": 2,
      "source_url": "https://www.coles.com.au/browse/down-down?page=2",
      "is_sponsored": null
    },
    {
      "title": "Coles Blueberry Muffins 4 Pack | 420g",
      "current_price": 4.5,
      "original_price": null,
      "discount_percentage": null,
      "discount_amount": null,
      "image_url": "https://www.coles.com.au/_next/image?url=https%3A%2F%2Fcdn.productimages.coles.com.au%2Fproductimages%2F2%2F2409274.jpg&w=640&q=90",
      "product_url": "https://www.coles.com.au/product/coles-blueberry-muffins-4-pack-420g-2409274",
      "category": "down-down",
      "brand": null,
      "weight_size": null,
      "per_unit_price": "$1.07 per 100gWas $4.90 on Jul 2025",
      "rating": null,
      "review_count": null,
      "in_stock": true,
      "is_on_sale": false,
      "scraped_at": "2025-08-05T17:42:01.663Z",
      "page_number": 2,
      "source_url": "https://www.coles.com.au/browse/down-down?page=2",
      "is_sponsored": null
    },
    {
      "title": "Coles Choc Chip Muffins 4 Pack | 420g",
      "current_price": 4.5,
      "original_price": null,
      "discount_percentage": null,
      "discount_amount": null,
      "image_url": "https://www.coles.com.au/_next/image?url=https%3A%2F%2Fcdn.productimages.coles.com.au%2Fproductimages%2F2%2F2409285.jpg&w=640&q=90",
      "product_url": "https://www.coles.com.au/product/coles-choc-chip-muffins-4-pack-420g-2409285",
      "category": "down-down",
      "brand": null,
      "weight_size": null,
      "per_unit_price": "$1.07 per 100gWas $4.90 on Jul 2025",
      "rating": null,
      "review_count": null,
      "in_stock": true,
      "is_on_sale": false,
      "scraped_at": "2025-08-05T17:42:01.663Z",
      "page_number": 2,
      "source_url": "https://www.coles.com.au/browse/down-down?page=2",
      "is_sponsored": null
    },
    {
      "title": "Coles Double Choc Muffins | 4 Pack",
      "current_price": 4.5,
      "original_price": null,
      "discount_percentage": null,
      "discount_amount": null,
      "image_url": "https://www.coles.com.au/_next/image?url=https%3A%2F%2Fcdn.productimages.coles.com.au%2Fproductimages%2F2%2F2409296.jpg&w=640&q=90",
      "product_url": "https://www.coles.com.au/product/coles-double-choc-muffins-4-pack-2409296",
      "category": "down-down",
      "brand": null,
      "weight_size": null,
      "per_unit_price": "$1.07 per 100gWas $4.90 on Jul 2025",
      "rating": null,
      "review_count": null,
      "in_stock": true,
      "is_on_sale": false,
      "scraped_at": "2025-08-05T17:42:01.663Z",
      "page_number": 2,
      "source_url": "https://www.coles.com.au/browse/down-down?page=2",
      "is_sponsored": null
    },
    {
      "title": "Coles Blueberry Muffins 9 Pack | 315g",
      "current_price": 4.5,
      "original_price": null,
      "discount_percentage": null,
      "discount_amount": null,
      "image_url": "https://www.coles.com.au/_next/image?url=https%3A%2F%2Fcdn.productimages.coles.com.au%2Fproductimages%2F2%2F2409300.jpg&w=640&q=90",
      "product_url": "https://www.coles.com.au/product/coles-blueberry-muffins-9-pack-315g-2409300",
      "category": "down-down",
      "brand": null,
      "weight_size": null,
      "per_unit_price": "$1.43 per 100gWas $5.00 on Jul 2025",
      "rating": null,
      "review_count": null,
      "in_stock": true,
      "is_on_sale": false,
      "scraped_at": "2025-08-05T17:42:01.663Z",
      "page_number": 2,
      "source_url": "https://www.coles.com.au/browse/down-down?page=2",
      "is_sponsored": null
    },
    {
      "title": "Coles Choc Chip Muffins 9 Pack | 315g",
      "current_price": 4.5,
      "original_price": null,
      "discount_percentage": null,
      "discount_amount": null,
      "image_url": "https://www.coles.com.au/_next/image?url=https%3A%2F%2Fcdn.productimages.coles.com.au%2Fproductimages%2F2%2F2409310.jpg&w=640&q=90",
      "product_url": "https://www.coles.com.au/product/coles-choc-chip-muffins-9-pack-315g-2409310",
      "category": "down-down",
      "brand": null,
      "weight_size": null,
      "per_unit_price": "$1.43 per 100gWas $5.00 on Jul 2025",
      "rating": null,
      "review_count": null,
      "in_stock": true,
      "is_on_sale": false,
      "scraped_at": "2025-08-05T17:42:01.663Z",
      "page_number": 2,
      "source_url": "https://www.coles.com.au/browse/down-down?page=2",
      "is_sponsored": null
    },
    {
      "title": "Baxters Caramelised Onion Relish | 240g",
      "current_price": 4.5,
      "original_price": null,
      "discount_percentage": null,
      "discount_amount": null,
      "image_url": "https://www.coles.com.au/_next/image?url=https%3A%2F%2Fcdn.productimages.coles.com.au%2Fproductimages%2F2%2F2426069.jpg&w=640&q=90",
      "product_url": "https://www.coles.com.au/product/baxters-caramelised-onion-relish-240g-2426069",
      "category": "down-down",
      "brand": null,
      "weight_size": null,
      "per_unit_price": "$1.88 per 100gWas $5.40 on Jun 2025",
      "rating": null,
      "review_count": null,
      "in_stock": true,
      "is_on_sale": false,
      "scraped_at": "2025-08-05T17:42:01.663Z",
      "page_number": 2,
      "source_url": "https://www.coles.com.au/browse/down-down?page=2",
      "is_sponsored": null
    },
    {
      "title": "Coles Apples Mini 1kg | 1 each",
      "current_price": 3.9,
      "original_price": null,
      "discount_percentage": null,
      "discount_amount": null,
      "image_url": "https://www.coles.com.au/_next/image?url=https%3A%2F%2Fcdn.productimages.coles.com.au%2Fproductimages%2F2%2F2511678.jpg&w=640&q=90",
      "product_url": "https://www.coles.com.au/product/coles-apples-mini-1kg-1-each-2511678",
      "category": "down-down",
      "brand": null,
      "weight_size": null,
      "per_unit_price": "$3.90 per 1kgWas $4.90 on Jul 2025",
      "rating": null,
      "review_count": null,
      "in_stock": true,
      "is_on_sale": false,
      "scraped_at": "2025-08-05T17:42:01.663Z",
      "page_number": 2,
      "source_url": "https://www.coles.com.au/browse/down-down?page=2",
      "is_sponsored": null
    },
    {
      "title": "Handy Andy Clorox All Purpose Green Cleaner | 750mL",
      "current_price": 3.6,
      "original_price": null,
      "discount_percentage": null,
      "discount_amount": null,
      "image_url": "https://www.coles.com.au/_next/image?url=https%3A%2F%2Fcdn.productimages.coles.com.au%2Fproductimages%2F2%2F252455.jpg&w=640&q=90",
      "product_url": "https://www.coles.com.au/product/handy-andy-clorox-all-purpose-green-cleaner-750ml-252455",
      "category": "down-down",
      "brand": null,
      "weight_size": null,
      "per_unit_price": "$0.48 per 100mLWas $4.00 on May 2025",
      "rating": null,
      "review_count": null,
      "in_stock": true,
      "is_on_sale": false,
      "scraped_at": "2025-08-05T17:42:01.663Z",
      "page_number": 2,
      "source_url": "https://www.coles.com.au/browse/down-down?page=2",
      "is_sponsored": null
    },
    {
      "title": "Capilano Pure Honey Squeeze | 340g",
      "current_price": 5.9,
      "original_price": null,
      "discount_percentage": null,
      "discount_amount": null,
      "image_url": "https://www.coles.com.au/_next/image?url=https%3A%2F%2Fcdn.productimages.coles.com.au%2Fproductimages%2F2%2F2630269.jpg&w=640&q=90",
      "product_url": "https://www.coles.com.au/product/capilano-pure-honey-squeeze-340g-2630269",
      "category": "down-down",
      "brand": null,
      "weight_size": null,
      "per_unit_price": "$1.74 per 100gWas $6.60 on Jun 2025",
      "rating": null,
      "review_count": null,
      "in_stock": true,
      "is_on_sale": false,
      "scraped_at": "2025-08-05T17:42:01.663Z",
      "page_number": 2,
      "source_url": "https://www.coles.com.au/browse/down-down?page=2",
      "is_sponsored": null
    },
    {
      "title": "Batiste Clean & Classic Original Dry Shampoo | 200mL",
      "current_price": 10,
      "original_price": null,
      "discount_percentage": null,
      "discount_amount": null,
      "image_url": "https://www.coles.com.au/_next/image?url=https%3A%2F%2Fcdn.productimages.coles.com.au%2Fproductimages%2F2%2F2666867.jpg&w=640&q=90",
      "product_url": "https://www.coles.com.au/product/batiste-clean-and-classic-original-dry-shampoo-200ml-2666867",
      "category": "down-down",
      "brand": null,
      "weight_size": null,
      "per_unit_price": "$5.00 per 100mLWas $14.00 on Jun 2025",
      "rating": null,
      "review_count": null,
      "in_stock": true,
      "is_on_sale": false,
      "scraped_at": "2025-08-05T17:42:01.663Z",
      "page_number": 2,
      "source_url": "https://www.coles.com.au/browse/down-down?page=2",
      "is_sponsored": null
    },
    {
      "title": "Coles Kitchen Creme Royale Potato Mash | 350g",
      "current_price": 5,
      "original_price": null,
      "discount_percentage": null,
      "discount_amount": null,
      "image_url": "https://www.coles.com.au/_next/image?url=https%3A%2F%2Fcdn.productimages.coles.com.au%2Fproductimages%2F2%2F2679519.jpg&w=640&q=90",
      "product_url": "https://www.coles.com.au/product/coles-kitchen-creme-royale-potato-mash-350g-2679519",
      "category": "down-down",
      "brand": null,
      "weight_size": null,
      "per_unit_price": "$14.29 per 1kgWas $5.50 on Jun 2025",
      "rating": null,
      "review_count": null,
      "in_stock": true,
      "is_on_sale": false,
      "scraped_at": "2025-08-05T17:42:01.663Z",
      "page_number": 2,
      "source_url": "https://www.coles.com.au/browse/down-down?page=2",
      "is_sponsored": null
    },
    {
      "title": "Coles Banana Muffins 9 Pack | 315g",
      "current_price": 4.5,
      "original_price": null,
      "discount_percentage": null,
      "discount_amount": null,
      "image_url": "https://www.coles.com.au/_next/image?url=https%3A%2F%2Fcdn.productimages.coles.com.au%2Fproductimages%2F2%2F2728964.jpg&w=640&q=90",
      "product_url": "https://www.coles.com.au/product/coles-banana-muffins-9-pack-315g-2728964",
      "category": "down-down",
      "brand": null,
      "weight_size": null,
      "per_unit_price": "$1.43 per 100gWas $5.00 on Jul 2025",
      "rating": null,
      "review_count": null,
      "in_stock": true,
      "is_on_sale": false,
      "scraped_at": "2025-08-05T17:42:01.663Z",
      "page_number": 2,
      "source_url": "https://www.coles.com.au/browse/down-down?page=2",
      "is_sponsored": null
    },
    {
      "title": "Primo Gluten Free Real Diced Bacon | 200g",
      "current_price": 5,
      "original_price": null,
      "discount_percentage": null,
      "discount_amount": null,
      "image_url": "https://www.coles.com.au/_next/image?url=https%3A%2F%2Fcdn.productimages.coles.com.au%2Fproductimages%2F2%2F2739199.jpg&w=640&q=90",
      "product_url": "https://www.coles.com.au/product/primo-gluten-free-real-diced-bacon-200g-2739199",
      "category": "down-down",
      "brand": null,
      "weight_size": null,
      "per_unit_price": "$25.00 per 1kgWas $5.70 on Jun 2025",
      "rating": null,
      "review_count": null,
      "in_stock": true,
      "is_on_sale": false,
      "scraped_at": "2025-08-05T17:42:01.663Z",
      "page_number": 2,
      "source_url": "https://www.coles.com.au/browse/down-down?page=2",
      "is_sponsored": null
    },
    {
      "title": "Easiyo Greek Style Coconut Yoghurt | 240g",
      "current_price": 5.4,
      "original_price": null,
      "discount_percentage": null,
      "discount_amount": null,
      "image_url": "https://www.coles.com.au/_next/image?url=https%3A%2F%2Fcdn.productimages.coles.com.au%2Fproductimages%2F2%2F2745293.jpg&w=640&q=90",
      "product_url": "https://www.coles.com.au/product/easiyo-greek-style-coconut-yoghurt-240g-2745293",
      "category": "down-down",
      "brand": null,
      "weight_size": null,
      "per_unit_price": "$2.25 per 100gWas $6.00 on May 2025",
      "rating": null,
      "review_count": null,
      "in_stock": true,
      "is_on_sale": false,
      "scraped_at": "2025-08-05T17:42:01.663Z",
      "page_number": 2,
      "source_url": "https://www.coles.com.au/browse/down-down?page=2",
      "is_sponsored": null
    },
    {
      "title": "Easiyo Vanilla Flavour Yoghurt | 230g",
      "current_price": 5.4,
      "original_price": null,
      "discount_percentage": null,
      "discount_amount": null,
      "image_url": "https://www.coles.com.au/_next/image?url=https%3A%2F%2Fcdn.productimages.coles.com.au%2Fproductimages%2F2%2F2745963.jpg&w=640&q=90",
      "product_url": "https://www.coles.com.au/product/easiyo-vanilla-flavour-yoghurt-230g-2745963",
      "category": "down-down",
      "brand": null,
      "weight_size": null,
      "per_unit_price": "$2.35 per 100gWas $6.00 on May 2025",
      "rating": null,
      "review_count": null,
      "in_stock": true,
      "is_on_sale": false,
      "scraped_at": "2025-08-05T17:42:01.663Z",
      "page_number": 2,
      "source_url": "https://www.coles.com.au/browse/down-down?page=2",
      "is_sponsored": null
    },
    {
      "title": "Easiyo Greek Style Unsweetened Yoghurt | 170g",
      "current_price": 5.4,
      "original_price": null,
      "discount_percentage": null,
      "discount_amount": null,
      "image_url": "https://www.coles.com.au/_next/image?url=https%3A%2F%2Fcdn.productimages.coles.com.au%2Fproductimages%2F2%2F2745974.jpg&w=640&q=90",
      "product_url": "https://www.coles.com.au/product/easiyo-greek-style-unsweetened-yoghurt-170g-2745974",
      "category": "down-down",
      "brand": null,
      "weight_size": null,
      "per_unit_price": "$3.18 per 100gWas $6.00 on May 2025",
      "rating": null,
      "review_count": null,
      "in_stock": true,
      "is_on_sale": false,
      "scraped_at": "2025-08-05T17:42:01.663Z",
      "page_number": 2,
      "source_url": "https://www.coles.com.au/browse/down-down?page=2",
      "is_sponsored": null
    },
    {
      "title": "Easiyo Greek Style Unsweetened Yoghurt | 170g",
      "current_price": 5.4,
      "original_price": null,
      "discount_percentage": null,
      "discount_amount": null,
      "image_url": "https://www.coles.com.au/_next/image?url=https%3A%2F%2Fcdn.productimages.coles.com.au%2Fproductimages%2F2%2F2745985.jpg&w=640&q=90",
      "product_url": "https://www.coles.com.au/product/easiyo-greek-style-unsweetened-yoghurt-170g-2745985",
      "category": "down-down",
      "brand": null,
      "weight_size": null,
      "per_unit_price": "$3.18 per 100gWas $6.00 on May 2025",
      "rating": null,
      "review_count": null,
      "in_stock": true,
      "is_on_sale": false,
      "scraped_at": "2025-08-05T17:42:01.663Z",
      "page_number": 2,
      "source_url": "https://www.coles.com.au/browse/down-down?page=2",
      "is_sponsored": null
    },
    {
      "title": "Remedy Kombucha Ginger & Lemon | 750mL",
      "current_price": 5.9,
      "original_price": null,
      "discount_percentage": null,
      "discount_amount": null,
      "image_url": "https://www.coles.com.au/_next/image?url=https%3A%2F%2Fcdn.productimages.coles.com.au%2Fproductimages%2F2%2F2746966.jpg&w=640&q=90",
      "product_url": "https://www.coles.com.au/product/remedy-kombucha-ginger-and-lemon-750ml-2746966",
      "category": "down-down",
      "brand": null,
      "weight_size": null,
      "per_unit_price": "$7.87 per 1LWas $7.50 on May 2025",
      "rating": null,
      "review_count": null,
      "in_stock": true,
      "is_on_sale": false,
      "scraped_at": "2025-08-05T17:42:01.663Z",
      "page_number": 2,
      "source_url": "https://www.coles.com.au/browse/down-down?page=2",
      "is_sponsored": null
    },
    {
      "title": "Always Fresh Sundried Tomatoes Strips | 220g",
      "current_price": 4.2,
      "original_price": null,
      "discount_percentage": null,
      "discount_amount": null,
      "image_url": "https://www.coles.com.au/_next/image?url=https%3A%2F%2Fcdn.productimages.coles.com.au%2Fproductimages%2F2%2F2747765.jpg&w=640&q=90",
      "product_url": "https://www.coles.com.au/product/always-fresh-sundried-tomatoes-strips-220g-2747765",
      "category": "down-down",
      "brand": null,
      "weight_size": null,
      "per_unit_price": "$19.09 per 1kgWas $5.00 on Jun 2025",
      "rating": null,
      "review_count": null,
      "in_stock": true,
      "is_on_sale": false,
      "scraped_at": "2025-08-05T17:42:01.663Z",
      "page_number": 2,
      "source_url": "https://www.coles.com.au/browse/down-down?page=2",
      "is_sponsored": null
    },
    {
      "title": "Little Bellies Softcorn Banana | 8g",
      "current_price": 1.8,
      "original_price": null,
      "discount_percentage": null,
      "discount_amount": null,
      "image_url": "https://www.coles.com.au/_next/image?url=https%3A%2F%2Fcdn.productimages.coles.com.au%2Fproductimages%2F2%2F2800711.jpg&w=640&q=90",
      "product_url": "https://www.coles.com.au/product/little-bellies-softcorn-banana-8g-2800711",
      "category": "down-down",
      "brand": null,
      "weight_size": null,
      "per_unit_price": "$22.50 per 100gWas $2.00 on May 2025",
      "rating": null,
      "review_count": null,
      "in_stock": true,
      "is_on_sale": false,
      "scraped_at": "2025-08-05T17:42:01.663Z",
      "page_number": 2,
      "source_url": "https://www.coles.com.au/browse/down-down?page=2",
      "is_sponsored": null
    },
    {
      "title": "Little Bellies Softcorn Berry & Apple | 8g",
      "current_price": 1.8,
      "original_price": null,
      "discount_percentage": null,
      "discount_amount": null,
      "image_url": "https://www.coles.com.au/_next/image?url=https%3A%2F%2Fcdn.productimages.coles.com.au%2Fproductimages%2F2%2F2800799.jpg&w=640&q=90",
      "product_url": "https://www.coles.com.au/product/little-bellies-softcorn-berry-and-apple-8g-2800799",
      "category": "down-down",
      "brand": null,
      "weight_size": null,
      "per_unit_price": "$22.50 per 100gWas $2.00 on May 2025",
      "rating": null,
      "review_count": null,
      "in_stock": true,
      "is_on_sale": false,
      "scraped_at": "2025-08-05T17:42:01.663Z",
      "page_number": 2,
      "source_url": "https://www.coles.com.au/browse/down-down?page=2",
      "is_sponsored": null
    },
    {
      "title": "Little Bellies Apple & Cinnamon Baby Puffs | 12g",
      "current_price": 1.8,
      "original_price": null,
      "discount_percentage": null,
      "discount_amount": null,
      "image_url": "https://www.coles.com.au/_next/image?url=https%3A%2F%2Fcdn.productimages.coles.com.au%2Fproductimages%2F2%2F2800846.jpg&w=640&q=90",
      "product_url": "https://www.coles.com.au/product/little-bellies-apple-and-cinnamon-baby-puffs-12g-2800846",
      "category": "down-down",
      "brand": null,
      "weight_size": null,
      "per_unit_price": "$15.00 per 100gWas $2.00 on May 2025",
      "rating": null,
      "review_count": null,
      "in_stock": true,
      "is_on_sale": false,
      "scraped_at": "2025-08-05T17:42:01.663Z",
      "page_number": 2,
      "source_url": "https://www.coles.com.au/browse/down-down?page=2",
      "is_sponsored": null
    },
    {
      "title": "Coles Double Cream Camembert | 200g",
      "current_price": 5,
      "original_price": null,
      "discount_percentage": null,
      "discount_amount": null,
      "image_url": "https://www.coles.com.au/_next/image?url=https%3A%2F%2Fcdn.productimages.coles.com.au%2Fproductimages%2F2%2F2801736.jpg&w=640&q=90",
      "product_url": "https://www.coles.com.au/product/coles-double-cream-camembert-200g-2801736",
      "category": "down-down",
      "brand": null,
      "weight_size": null,
      "per_unit_price": "$25.00 per 1kgWas $5.50 on Jun 2025",
      "rating": null,
      "review_count": null,
      "in_stock": true,
      "is_on_sale": false,
      "scraped_at": "2025-08-05T17:42:01.663Z",
      "page_number": 2,
      "source_url": "https://www.coles.com.au/browse/down-down?page=2",
      "is_sponsored": null
    },
    {
      "title": "Coles Finest Triple Cream Brie | 200g",
      "current_price": 5,
      "original_price": null,
      "discount_percentage": null,
      "discount_amount": null,
      "image_url": "https://www.coles.com.au/_next/image?url=https%3A%2F%2Fcdn.productimages.coles.com.au%2Fproductimages%2F2%2F2801758.jpg&w=640&q=90",
      "product_url": "https://www.coles.com.au/product/coles-finest-triple-cream-brie-200g-2801758",
      "category": "down-down",
      "brand": null,
      "weight_size": null,
      "per_unit_price": "$25.00 per 1kgWas $5.50 on Jun 2025",
      "rating": null,
      "review_count": null,
      "in_stock": true,
      "is_on_sale": false,
      "scraped_at": "2025-08-05T17:42:01.663Z",
      "page_number": 2,
      "source_url": "https://www.coles.com.au/browse/down-down?page=2",
      "is_sponsored": null
    },
    {
      "title": "Glad Kitchen Tidy Bags Wavetop Large | 30 pack",
      "current_price": 3.8,
      "original_price": null,
      "discount_percentage": null,
      "discount_amount": null,
      "image_url": "https://www.coles.com.au/_next/image?url=https%3A%2F%2Fcdn.productimages.coles.com.au%2Fproductimages%2F2%2F2832795.jpg&w=640&q=90",
      "product_url": "https://www.coles.com.au/product/glad-kitchen-tidy-bags-wavetop-large-30-pack-2832795",
      "category": "down-down",
      "brand": null,
      "weight_size": null,
      "per_unit_price": "$0.13 per 1eaWas $4.25 on May 2025",
      "rating": null,
      "review_count": null,
      "in_stock": true,
      "is_on_sale": false,
      "scraped_at": "2025-08-05T17:42:01.663Z",
      "page_number": 2,
      "source_url": "https://www.coles.com.au/browse/down-down?page=2",
      "is_sponsored": null
    },
    {
      "title": "Glad Kitchen Tidy Bag Wavetop Medium | 40 pack",
      "current_price": 3.8,
      "original_price": null,
      "discount_percentage": null,
      "discount_amount": null,
      "image_url": "https://www.coles.com.au/_next/image?url=https%3A%2F%2Fcdn.productimages.coles.com.au%2Fproductimages%2F2%2F2832820.jpg&w=640&q=90",
      "product_url": "https://www.coles.com.au/product/glad-kitchen-tidy-bag-wavetop-medium-40-pack-2832820",
      "category": "down-down",
      "brand": null,
      "weight_size": null,
      "per_unit_price": "$0.10 per 1eaWas $4.25 on May 2025",
      "rating": null,
      "review_count": null,
      "in_stock": true,
      "is_on_sale": false,
      "scraped_at": "2025-08-05T17:42:01.663Z",
      "page_number": 2,
      "source_url": "https://www.coles.com.au/browse/down-down?page=2",
      "is_sponsored": null
    },
    {
      "title": "Glad Kitchen Tidy Bag Wavetop Extra Large | 20 pack",
      "current_price": 3.8,
      "original_price": null,
      "discount_percentage": null,
      "discount_amount": null,
      "image_url": "https://www.coles.com.au/_next/image?url=https%3A%2F%2Fcdn.productimages.coles.com.au%2Fproductimages%2F2%2F2832831.jpg&w=640&q=90",
      "product_url": "https://www.coles.com.au/product/glad-kitchen-tidy-bag-wavetop-extra-large-20-pack-2832831",
      "category": "down-down",
      "brand": null,
      "weight_size": null,
      "per_unit_price": "$0.19 per 1eaWas $4.25 on May 2025",
      "rating": null,
      "review_count": null,
      "in_stock": true,
      "is_on_sale": false,
      "scraped_at": "2025-08-05T17:42:01.663Z",
      "page_number": 2,
      "source_url": "https://www.coles.com.au/browse/down-down?page=2",
      "is_sponsored": null
    },
    {
      "title": "Coles Pork Belly Roast Boneless | approx. 1.3kg",
      "current_price": 23.4,
      "original_price": null,
      "discount_percentage": null,
      "discount_amount": null,
      "image_url": "https://www.coles.com.au/_next/image?url=https%3A%2F%2Fcdn.productimages.coles.com.au%2Fproductimages%2F2%2F2839579.jpg&w=640&q=90",
      "product_url": "https://www.coles.com.au/product/coles-pork-belly-roast-boneless-approx.-1.3kg-2839579",
      "category": "down-down",
      "brand": null,
      "weight_size": null,
      "per_unit_price": "$18.00 per 1kgWas $26.00 on Jun 2025",
      "rating": null,
      "review_count": null,
      "in_stock": true,
      "is_on_sale": false,
      "scraped_at": "2025-08-05T17:42:01.663Z",
      "page_number": 2,
      "source_url": "https://www.coles.com.au/browse/down-down?page=2",
      "is_sponsored": null
    },
    {
      "title": "Hercules Click Zip Sandwich Bags | 100 pack",
      "current_price": 4.7,
      "original_price": null,
      "discount_percentage": null,
      "discount_amount": null,
      "image_url": "https://www.coles.com.au/_next/image?url=https%3A%2F%2Fcdn.productimages.coles.com.au%2Fproductimages%2F2%2F2858766.jpg&w=640&q=90",
      "product_url": "https://www.coles.com.au/product/hercules-click-zip-sandwich-bags-100-pack-2858766",
      "category": "down-down",
      "brand": null,
      "weight_size": null,
      "per_unit_price": "$0.05 per 1eaWas $5.25 on Jul 2025",
      "rating": null,
      "review_count": null,
      "in_stock": true,
      "is_on_sale": false,
      "scraped_at": "2025-08-05T17:42:01.663Z",
      "page_number": 2,
      "source_url": "https://www.coles.com.au/browse/down-down?page=2",
      "is_sponsored": null
    },
    {
      "title": "Lemsip Max Decongestant Cold & Flu Hot Drink Honey & Ginger Sachets | 10 pack",
      "current_price": 13.6,
      "original_price": null,
      "discount_percentage": null,
      "discount_amount": null,
      "image_url": "https://www.coles.com.au/_next/image?url=https%3A%2F%2Fcdn.productimages.coles.com.au%2Fproductimages%2F2%2F2862210.jpg&w=640&q=90",
      "product_url": "https://www.coles.com.au/product/lemsip-max-decongestant-cold-and-flu-hot-drink-honey-and-ginger-sachets-10-pack-2862210",
      "category": "down-down",
      "brand": null,
      "weight_size": null,
      "per_unit_price": "$1.36 per 1eaWas $17.00 on Jun 2025",
      "rating": null,
      "review_count": null,
      "in_stock": true,
      "is_on_sale": false,
      "scraped_at": "2025-08-05T17:42:01.663Z",
      "page_number": 2,
      "source_url": "https://www.coles.com.au/browse/down-down?page=2",
      "is_sponsored": null
    },
    {
      "title": "Viva Paper Towel Double Length White | 3 pack",
      "current_price": 8,
      "original_price": null,
      "discount_percentage": null,
      "discount_amount": null,
      "image_url": "https://www.coles.com.au/_next/image?url=https%3A%2F%2Fcdn.productimages.coles.com.au%2Fproductimages%2F2%2F2915338.jpg&w=640&q=90",
      "product_url": "https://www.coles.com.au/product/viva-paper-towel-double-length-white-3-pack-2915338",
      "category": "down-down",
      "brand": null,
      "weight_size": null,
      "per_unit_price": "$2.22 per 100eaWas $9.00 on May 2025",
      "rating": null,
      "review_count": null,
      "in_stock": true,
      "is_on_sale": false,
      "scraped_at": "2025-08-05T17:42:01.663Z",
      "page_number": 2,
      "source_url": "https://www.coles.com.au/browse/down-down?page=2",
      "is_sponsored": null
    },
    {
      "title": "Batiste Eden Dry Shampoo | 200mL",
      "current_price": 10,
      "original_price": null,
      "discount_percentage": null,
      "discount_amount": null,
      "image_url": "https://www.coles.com.au/_next/image?url=https%3A%2F%2Fcdn.productimages.coles.com.au%2Fproductimages%2F2%2F2920655.jpg&w=640&q=90",
      "product_url": "https://www.coles.com.au/product/batiste-eden-dry-shampoo-200ml-2920655",
      "category": "down-down",
      "brand": null,
      "weight_size": null,
      "per_unit_price": "$5.00 per 100mLWas $14.00 on Jun 2025",
      "rating": null,
      "review_count": null,
      "in_stock": true,
      "is_on_sale": false,
      "scraped_at": "2025-08-05T17:42:01.663Z",
      "page_number": 2,
      "source_url": "https://www.coles.com.au/browse/down-down?page=2",
      "is_sponsored": null
    },
    {
      "title": "Sunrice Australian Medium Grain Brown Rice | 2kg",
      "current_price": 6.5,
      "original_price": null,
      "discount_percentage": null,
      "discount_amount": null,
      "image_url": "https://www.coles.com.au/_next/image?url=https%3A%2F%2Fcdn.productimages.coles.com.au%2Fproductimages%2F2%2F295414.jpg&w=640&q=90",
      "product_url": "https://www.coles.com.au/product/sunrice-australian-medium-grain-brown-rice-2kg-295414",
      "category": "down-down",
      "brand": null,
      "weight_size": null,
      "per_unit_price": "$0.33 per 100gWas $8.60 on Jun 2025",
      "rating": null,
      "review_count": null,
      "in_stock": true,
      "is_on_sale": false,
      "scraped_at": "2025-08-05T17:42:01.663Z",
      "page_number": 2,
      "source_url": "https://www.coles.com.au/browse/down-down?page=2",
      "is_sponsored": null
    },
    {
      "title": "Sunrice Premium Long Grain Rice | 2kg",
      "current_price": 4,
      "original_price": null,
      "discount_percentage": null,
      "discount_amount": null,
      "image_url": "https://www.coles.com.au/_next/image?url=https%3A%2F%2Fcdn.productimages.coles.com.au%2Fproductimages%2F2%2F296960.jpg&w=640&q=90",
      "product_url": "https://www.coles.com.au/product/sunrice-premium-long-grain-rice-2kg-296960",
      "category": "down-down",
      "brand": null,
      "weight_size": null,
      "per_unit_price": "$0.20 per 100gWas $5.30 on Jun 2025",
      "rating": null,
      "review_count": null,
      "in_stock": true,
      "is_on_sale": false,
      "scraped_at": "2025-08-05T17:42:01.663Z",
      "page_number": 2,
      "source_url": "https://www.coles.com.au/browse/down-down?page=2",
      "is_sponsored": null
    },
    {
      "title": "Sunbites Cheddar & Chives Snack Crackers | 110g",
      "current_price": 2.5,
      "original_price": null,
      "discount_percentage": null,
      "discount_amount": null,
      "image_url": "https://www.coles.com.au/_next/image?url=https%3A%2F%2Fcdn.productimages.coles.com.au%2Fproductimages%2F2%2F2976831.jpg&w=640&q=90",
      "product_url": "https://www.coles.com.au/product/sunbites-cheddar-and-chives-snack-crackers-110g-2976831",
      "category": "down-down",
      "brand": null,
      "weight_size": null,
      "per_unit_price": "$2.27 per 100gWas $3.30 on May 2025",
      "rating": null,
      "review_count": null,
      "in_stock": true,
      "is_on_sale": false,
      "scraped_at": "2025-08-05T17:42:01.663Z",
      "page_number": 2,
      "source_url": "https://www.coles.com.au/browse/down-down?page=2",
      "is_sponsored": null
    },
    {
      "title": "Sunbites Caramelised Onion & Balsamic Snack Crackers | 110g",
      "current_price": 2.5,
      "original_price": null,
      "discount_percentage": null,
      "discount_amount": null,
      "image_url": "https://www.coles.com.au/_next/image?url=https%3A%2F%2Fcdn.productimages.coles.com.au%2Fproductimages%2F2%2F2976842.jpg&w=640&q=90",
      "product_url": "https://www.coles.com.au/product/sunbites-caramelised-onion-and-balsamic-snack-crackers-110g-2976842",
      "category": "down-down",
      "brand": null,
      "weight_size": null,
      "per_unit_price": "$2.27 per 100gWas $3.30 on May 2025",
      "rating": null,
      "review_count": null,
      "in_stock": true,
      "is_on_sale": false,
      "scraped_at": "2025-08-05T17:42:01.663Z",
      "page_number": 2,
      "source_url": "https://www.coles.com.au/browse/down-down?page=2",
      "is_sponsored": null
    }
  ],
  "summary": {
    "total_products": 58,
    "products_on_sale": 0,
    "products_with_ratings": 0,
    "average_price": 6.02844827586207,
    "price_range": {
      "min": 1.65,
      "max": 23.4
    }
  }
}