{
  "extraction_info": {
    "timestamp": "2025-08-05T17:43:43.436Z",
    "page_url": "https://www.coles.com.au/browse/down-down?page=11",
    "category": "down-down",
    "page_number": 11,
    "selector_set_used": "high_confidence",
    "total_products": 56,
    "total_elements_found": 56
  },
  "products": [
    {
      "title": "Coles Diced Apricot Snack 6 Pack | 180g",
      "current_price": 2.5,
      "original_price": null,
      "discount_percentage": null,
      "discount_amount": null,
      "image_url": "https://www.coles.com.au/_next/image?url=https%3A%2F%2Fcdn.productimages.coles.com.au%2Fproductimages%2F8%2F8677593.jpg&w=640&q=90",
      "product_url": "https://www.coles.com.au/product/coles-diced-apricot-snack-6-pack-180g-8677593",
      "category": "down-down",
      "brand": null,
      "weight_size": null,
      "per_unit_price": "$13.89 per 1kgWas $5.00 on Jul 2025",
      "rating": null,
      "review_count": null,
      "in_stock": true,
      "is_on_sale": false,
      "scraped_at": "2025-08-05T17:43:43.435Z",
      "page_number": 11,
      "source_url": "https://www.coles.com.au/browse/down-down?page=11",
      "is_sponsored": null
    },
    {
      "title": "Panadol Cold And Flu Plus Decongestant | 16 pack",
      "current_price": 10.3,
      "original_price": null,
      "discount_percentage": null,
      "discount_amount": null,
      "image_url": "https://www.coles.com.au/_next/image?url=https%3A%2F%2Fcdn.productimages.coles.com.au%2Fproductimages%2F8%2F8799058.jpg&w=640&q=90",
      "product_url": "https://www.coles.com.au/product/panadol-cold-and-flu-plus-decongestant-16-pack-8799058",
      "category": "down-down",
      "brand": null,
      "weight_size": null,
      "per_unit_price": "$0.64 per 1eaWas $11.45 on Jun 2025",
      "rating": null,
      "review_count": null,
      "in_stock": true,
      "is_on_sale": false,
      "scraped_at": "2025-08-05T17:43:43.436Z",
      "page_number": 11,
      "source_url": "https://www.coles.com.au/browse/down-down?page=11",
      "is_sponsored": true
    },
    {
      "title": "Bulldog Original Moisturiser Skincare For Men | 100mL",
      "current_price": 9.5,
      "original_price": null,
      "discount_percentage": null,
      "discount_amount": null,
      "image_url": "https://www.coles.com.au/_next/image?url=https%3A%2F%2Fcdn.productimages.coles.com.au%2Fproductimages%2F3%2F3365844.jpg&w=640&q=90",
      "product_url": "https://www.coles.com.au/product/bulldog-original-moisturiser-skincare-for-men-100ml-3365844",
      "category": "down-down",
      "brand": null,
      "weight_size": null,
      "per_unit_price": "$9.50 per 100mLWas $15.00 on Jun 2025",
      "rating": null,
      "review_count": null,
      "in_stock": true,
      "is_on_sale": false,
      "scraped_at": "2025-08-05T17:43:43.436Z",
      "page_number": 11,
      "source_url": "https://www.coles.com.au/browse/down-down?page=11",
      "is_sponsored": true
    },
    {
      "title": "Bellamy's Organic Porridge Baby Cereal | 125g",
      "current_price": 3.95,
      "original_price": null,
      "discount_percentage": null,
      "discount_amount": null,
      "image_url": "https://www.coles.com.au/_next/image?url=https%3A%2F%2Fcdn.productimages.coles.com.au%2Fproductimages%2F6%2F6038006.jpg&w=640&q=90",
      "product_url": "https://www.coles.com.au/product/bellamy's-organic-porridge-baby-cereal-125g-6038006",
      "category": "down-down",
      "brand": null,
      "weight_size": null,
      "per_unit_price": "$3.16 per 100gWas $4.40 on May 2025",
      "rating": null,
      "review_count": null,
      "in_stock": true,
      "is_on_sale": false,
      "scraped_at": "2025-08-05T17:43:43.436Z",
      "page_number": 11,
      "source_url": "https://www.coles.com.au/browse/down-down?page=11",
      "is_sponsored": true
    },
    {
      "title": "Nyal Ibuprofen Tablets | 24 pack",
      "current_price": 4,
      "original_price": null,
      "discount_percentage": null,
      "discount_amount": null,
      "image_url": "https://www.coles.com.au/_next/image?url=https%3A%2F%2Fcdn.productimages.coles.com.au%2Fproductimages%2F4%2F4968437.jpg&w=640&q=90",
      "product_url": "https://www.coles.com.au/product/nyal-ibuprofen-tablets-24-pack-4968437",
      "category": "down-down",
      "brand": null,
      "weight_size": null,
      "per_unit_price": "$0.17 per 1eaWas $5.00 on Jun 2025",
      "rating": null,
      "review_count": null,
      "in_stock": true,
      "is_on_sale": false,
      "scraped_at": "2025-08-05T17:43:43.436Z",
      "page_number": 11,
      "source_url": "https://www.coles.com.au/browse/down-down?page=11",
      "is_sponsored": true
    },
    {
      "title": "Batiste Blush Dry Shampoo | 350mL",
      "current_price": 15,
      "original_price": null,
      "discount_percentage": null,
      "discount_amount": null,
      "image_url": "https://www.coles.com.au/_next/image?url=https%3A%2F%2Fcdn.productimages.coles.com.au%2Fproductimages%2F4%2F4253799.jpg&w=640&q=90",
      "product_url": "https://www.coles.com.au/product/batiste-blush-dry-shampoo-350ml-4253799",
      "category": "down-down",
      "brand": null,
      "weight_size": null,
      "per_unit_price": "$4.29 per 100mLWas $19.00 on Jun 2025",
      "rating": null,
      "review_count": null,
      "in_stock": true,
      "is_on_sale": false,
      "scraped_at": "2025-08-05T17:43:43.436Z",
      "page_number": 11,
      "source_url": "https://www.coles.com.au/browse/down-down?page=11",
      "is_sponsored": true
    },
    {
      "title": "Obela Hommus To Go Dip & Crackers High Protein Jalapeno | 125g",
      "current_price": 3.9,
      "original_price": null,
      "discount_percentage": null,
      "discount_amount": null,
      "image_url": "https://www.coles.com.au/_next/image?url=https%3A%2F%2Fcdn.productimages.coles.com.au%2Fproductimages%2F8%2F8684883.jpg&w=640&q=90",
      "product_url": "https://www.coles.com.au/product/obela-hommus-to-go-dip-and-crackers-high-protein-jalapeno-125g-8684883",
      "category": "down-down",
      "brand": null,
      "weight_size": null,
      "per_unit_price": "$3.12 per 100gWas $4.50 on Jun 2025",
      "rating": null,
      "review_count": null,
      "in_stock": true,
      "is_on_sale": false,
      "scraped_at": "2025-08-05T17:43:43.436Z",
      "page_number": 11,
      "source_url": "https://www.coles.com.au/browse/down-down?page=11",
      "is_sponsored": true
    },
    {
      "title": "Bulldog Sensitive Moisturiser Skincare For Men | 100mL",
      "current_price": 9.5,
      "original_price": null,
      "discount_percentage": null,
      "discount_amount": null,
      "image_url": "https://www.coles.com.au/_next/image?url=https%3A%2F%2Fcdn.productimages.coles.com.au%2Fproductimages%2F3%2F3402601.jpg&w=640&q=90",
      "product_url": "https://www.coles.com.au/product/bulldog-sensitive-moisturiser-skincare-for-men-100ml-3402601",
      "category": "down-down",
      "brand": null,
      "weight_size": null,
      "per_unit_price": "$9.50 per 100mLWas $15.00 on Jun 2025",
      "rating": null,
      "review_count": null,
      "in_stock": true,
      "is_on_sale": false,
      "scraped_at": "2025-08-05T17:43:43.436Z",
      "page_number": 11,
      "source_url": "https://www.coles.com.au/browse/down-down?page=11",
      "is_sponsored": true
    },
    {
      "title": "Obela Hommus To Go Dip & Crackers High Protein Classic | 125g",
      "current_price": 3.9,
      "original_price": null,
      "discount_percentage": null,
      "discount_amount": null,
      "image_url": "https://www.coles.com.au/_next/image?url=https%3A%2F%2Fcdn.productimages.coles.com.au%2Fproductimages%2F8%2F8544126.jpg&w=640&q=90",
      "product_url": "https://www.coles.com.au/product/obela-hommus-to-go-dip-and-crackers-high-protein-classic-125g-8544126",
      "category": "down-down",
      "brand": null,
      "weight_size": null,
      "per_unit_price": "$3.12 per 100gWas $4.50 on Jun 2025",
      "rating": null,
      "review_count": null,
      "in_stock": true,
      "is_on_sale": false,
      "scraped_at": "2025-08-05T17:43:43.436Z",
      "page_number": 11,
      "source_url": "https://www.coles.com.au/browse/down-down?page=11",
      "is_sponsored": true
    },
    {
      "title": "Ziploc Freezer Bags Xlarge Resealable Food Storage | 10 Pack",
      "current_price": 4.5,
      "original_price": null,
      "discount_percentage": null,
      "discount_amount": null,
      "image_url": "https://www.coles.com.au/_next/image?url=https%3A%2F%2Fcdn.productimages.coles.com.au%2Fproductimages%2F6%2F6138317.jpg&w=640&q=90",
      "product_url": "https://www.coles.com.au/product/ziploc-freezer-bags-xlarge-resealable-food-storage-10-pack-6138317",
      "category": "down-down",
      "brand": null,
      "weight_size": null,
      "per_unit_price": "$0.45 per 1eaWas $5.50 on May 2025",
      "rating": null,
      "review_count": null,
      "in_stock": true,
      "is_on_sale": false,
      "scraped_at": "2025-08-05T17:43:43.436Z",
      "page_number": 11,
      "source_url": "https://www.coles.com.au/browse/down-down?page=11",
      "is_sponsored": true
    },
    {
      "title": "Herron Nicaway Nicotine Lozenge 4mg | 72 pack",
      "current_price": 22,
      "original_price": null,
      "discount_percentage": null,
      "discount_amount": null,
      "image_url": "https://www.coles.com.au/_next/image?url=https%3A%2F%2Fcdn.productimages.coles.com.au%2Fproductimages%2F3%2F3058437.jpg&w=640&q=90",
      "product_url": "https://www.coles.com.au/product/herron-nicaway-nicotine-lozenge-4mg-72-pack-3058437",
      "category": "down-down",
      "brand": null,
      "weight_size": null,
      "per_unit_price": "$0.31 per 1eaWas $26.00 on Aug 2025",
      "rating": null,
      "review_count": null,
      "in_stock": true,
      "is_on_sale": false,
      "scraped_at": "2025-08-05T17:43:43.436Z",
      "page_number": 11,
      "source_url": "https://www.coles.com.au/browse/down-down?page=11",
      "is_sponsored": true
    },
    {
      "title": "Irn Bru Sparkling Soft Drink Can | 330mL",
      "current_price": 2.5,
      "original_price": null,
      "discount_percentage": null,
      "discount_amount": null,
      "image_url": "https://www.coles.com.au/_next/image?url=https%3A%2F%2Fcdn.productimages.coles.com.au%2Fproductimages%2F8%2F8702635.jpg&w=640&q=90",
      "product_url": "https://www.coles.com.au/product/irn-bru-sparkling-soft-drink-can-330ml-8702635",
      "category": "down-down",
      "brand": null,
      "weight_size": null,
      "per_unit_price": "$7.58 per 1LWas $2.70 on Jul 2025",
      "rating": null,
      "review_count": null,
      "in_stock": true,
      "is_on_sale": false,
      "scraped_at": "2025-08-05T17:43:43.436Z",
      "page_number": 11,
      "source_url": "https://www.coles.com.au/browse/down-down?page=11",
      "is_sponsored": null
    },
    {
      "title": "Peters Original Twin Pole Cola Spider 8 Pack | 544mL",
      "current_price": 5.5,
      "original_price": null,
      "discount_percentage": null,
      "discount_amount": null,
      "image_url": "https://www.coles.com.au/_next/image?url=https%3A%2F%2Fcdn.productimages.coles.com.au%2Fproductimages%2F8%2F8739227.jpg&w=640&q=90",
      "product_url": "https://www.coles.com.au/product/peters-original-twin-pole-cola-spider-8-pack-544ml-8739227",
      "category": "down-down",
      "brand": null,
      "weight_size": null,
      "per_unit_price": "$1.01 per 100mLWas $8.00 on Jun 2025",
      "rating": null,
      "review_count": null,
      "in_stock": true,
      "is_on_sale": false,
      "scraped_at": "2025-08-05T17:43:43.436Z",
      "page_number": 11,
      "source_url": "https://www.coles.com.au/browse/down-down?page=11",
      "is_sponsored": null
    },
    {
      "title": "Daily Juice Tropical Twist | 1L",
      "current_price": 4,
      "original_price": null,
      "discount_percentage": null,
      "discount_amount": null,
      "image_url": "https://www.coles.com.au/_next/image?url=https%3A%2F%2Fcdn.productimages.coles.com.au%2Fproductimages%2F8%2F8767335.jpg&w=640&q=90",
      "product_url": "https://www.coles.com.au/product/daily-juice-tropical-twist-1l-8767335",
      "category": "down-down",
      "brand": null,
      "weight_size": null,
      "per_unit_price": "$4.00 per 1LWas $4.50 on Jul 2025",
      "rating": null,
      "review_count": null,
      "in_stock": true,
      "is_on_sale": false,
      "scraped_at": "2025-08-05T17:43:43.436Z",
      "page_number": 11,
      "source_url": "https://www.coles.com.au/browse/down-down?page=11",
      "is_sponsored": null
    },
    {
      "title": "Peckish Peckables Rice Snacks Cheese Bacon | 100g",
      "current_price": 2,
      "original_price": null,
      "discount_percentage": null,
      "discount_amount": null,
      "image_url": "https://www.coles.com.au/_next/image?url=https%3A%2F%2Fcdn.productimages.coles.com.au%2Fproductimages%2F8%2F8783900.jpg&w=640&q=90",
      "product_url": "https://www.coles.com.au/product/peckish-peckables-rice-snacks-cheese-bacon-100g-8783900",
      "category": "down-down",
      "brand": null,
      "weight_size": null,
      "per_unit_price": "$2.00 per 100gWas $3.20 on Jul 2025",
      "rating": null,
      "review_count": null,
      "in_stock": true,
      "is_on_sale": false,
      "scraped_at": "2025-08-05T17:43:43.436Z",
      "page_number": 11,
      "source_url": "https://www.coles.com.au/browse/down-down?page=11",
      "is_sponsored": null
    },
    {
      "title": "Peckish Peckables Rice Snacks Salt Vinegar | 100g",
      "current_price": 2,
      "original_price": null,
      "discount_percentage": null,
      "discount_amount": null,
      "image_url": "https://www.coles.com.au/_next/image?url=https%3A%2F%2Fcdn.productimages.coles.com.au%2Fproductimages%2F8%2F8783910.jpg&w=640&q=90",
      "product_url": "https://www.coles.com.au/product/peckish-peckables-rice-snacks-salt-vinegar-100g-8783910",
      "category": "down-down",
      "brand": null,
      "weight_size": null,
      "per_unit_price": "$2.00 per 100gWas $3.20 on Jul 2025",
      "rating": null,
      "review_count": null,
      "in_stock": true,
      "is_on_sale": false,
      "scraped_at": "2025-08-05T17:43:43.436Z",
      "page_number": 11,
      "source_url": "https://www.coles.com.au/browse/down-down?page=11",
      "is_sponsored": null
    },
    {
      "title": "Peckish Peckables Rice Snacks Sour Cream Chives | 100g",
      "current_price": 2,
      "original_price": null,
      "discount_percentage": null,
      "discount_amount": null,
      "image_url": "https://www.coles.com.au/_next/image?url=https%3A%2F%2Fcdn.productimages.coles.com.au%2Fproductimages%2F8%2F8783943.jpg&w=640&q=90",
      "product_url": "https://www.coles.com.au/product/peckish-peckables-rice-snacks-sour-cream-chives-100g-8783943",
      "category": "down-down",
      "brand": null,
      "weight_size": null,
      "per_unit_price": "$2.00 per 100gWas $3.20 on Jul 2025",
      "rating": null,
      "review_count": null,
      "in_stock": true,
      "is_on_sale": false,
      "scraped_at": "2025-08-05T17:43:43.436Z",
      "page_number": 11,
      "source_url": "https://www.coles.com.au/browse/down-down?page=11",
      "is_sponsored": null
    },
    {
      "title": "Peckish Peckables Rice Snacks Honey Soy Chicken | 100g",
      "current_price": 2,
      "original_price": null,
      "discount_percentage": null,
      "discount_amount": null,
      "image_url": "https://www.coles.com.au/_next/image?url=https%3A%2F%2Fcdn.productimages.coles.com.au%2Fproductimages%2F8%2F8783954.jpg&w=640&q=90",
      "product_url": "https://www.coles.com.au/product/peckish-peckables-rice-snacks-honey-soy-chicken-100g-8783954",
      "category": "down-down",
      "brand": null,
      "weight_size": null,
      "per_unit_price": "$2.00 per 100gWas $3.20 on Jul 2025",
      "rating": null,
      "review_count": null,
      "in_stock": true,
      "is_on_sale": false,
      "scraped_at": "2025-08-05T17:43:43.436Z",
      "page_number": 11,
      "source_url": "https://www.coles.com.au/browse/down-down?page=11",
      "is_sponsored": null
    },
    {
      "title": "Kurrajong Darcies Crackers | 100g",
      "current_price": 3,
      "original_price": null,
      "discount_percentage": null,
      "discount_amount": null,
      "image_url": "https://www.coles.com.au/_next/image?url=https%3A%2F%2Fcdn.productimages.coles.com.au%2Fproductimages%2F8%2F8787616.jpg&w=640&q=90",
      "product_url": "https://www.coles.com.au/product/kurrajong-darcies-crackers-100g-8787616",
      "category": "down-down",
      "brand": null,
      "weight_size": null,
      "per_unit_price": "$3.00 per 100gWas $3.70 on Jun 2025",
      "rating": null,
      "review_count": null,
      "in_stock": true,
      "is_on_sale": false,
      "scraped_at": "2025-08-05T17:43:43.436Z",
      "page_number": 11,
      "source_url": "https://www.coles.com.au/browse/down-down?page=11",
      "is_sponsored": null
    },
    {
      "title": "Codral Plus Cold & Flu + Lozenge Combo Kit | 32 Pack",
      "current_price": 12.2,
      "original_price": null,
      "discount_percentage": null,
      "discount_amount": null,
      "image_url": "https://www.coles.com.au/_next/image?url=https%3A%2F%2Fcdn.productimages.coles.com.au%2Fproductimages%2F8%2F8799150.jpg&w=640&q=90",
      "product_url": "https://www.coles.com.au/product/codral-plus-cold-and-flu-+-lozenge-combo-kit-32-pack-8799150",
      "category": "down-down",
      "brand": null,
      "weight_size": null,
      "per_unit_price": "$0.38 per 1eaWas $17.48 on Jun 2025",
      "rating": null,
      "review_count": null,
      "in_stock": true,
      "is_on_sale": false,
      "scraped_at": "2025-08-05T17:43:43.436Z",
      "page_number": 11,
      "source_url": "https://www.coles.com.au/browse/down-down?page=11",
      "is_sponsored": null
    },
    {
      "title": "Codral Cold & Flu Decongestant Tablets | 16 pack",
      "current_price": 9.4,
      "original_price": null,
      "discount_percentage": null,
      "discount_amount": null,
      "image_url": "https://www.coles.com.au/_next/image?url=https%3A%2F%2Fcdn.productimages.coles.com.au%2Fproductimages%2F8%2F8799160.jpg&w=640&q=90",
      "product_url": "https://www.coles.com.au/product/codral-cold-and-flu-decongestant-tablets-16-pack-8799160",
      "category": "down-down",
      "brand": null,
      "weight_size": null,
      "per_unit_price": "$0.59 per 1eaWas $13.47 on Jun 2025",
      "rating": null,
      "review_count": null,
      "in_stock": true,
      "is_on_sale": false,
      "scraped_at": "2025-08-05T17:43:43.436Z",
      "page_number": 11,
      "source_url": "https://www.coles.com.au/browse/down-down?page=11",
      "is_sponsored": null
    },
    {
      "title": "Coles Chicken Meatballs | 560g",
      "current_price": 7,
      "original_price": null,
      "discount_percentage": null,
      "discount_amount": null,
      "image_url": "https://www.coles.com.au/_next/image?url=https%3A%2F%2Fcdn.productimages.coles.com.au%2Fproductimages%2F8%2F8826809.jpg&w=640&q=90",
      "product_url": "https://www.coles.com.au/product/coles-chicken-meatballs-560g-8826809",
      "category": "down-down",
      "brand": null,
      "weight_size": null,
      "per_unit_price": "$12.50 per 1kgWas $8.00 on Jun 2025",
      "rating": null,
      "review_count": null,
      "in_stock": true,
      "is_on_sale": false,
      "scraped_at": "2025-08-05T17:43:43.436Z",
      "page_number": 11,
      "source_url": "https://www.coles.com.au/browse/down-down?page=11",
      "is_sponsored": null
    },
    {
      "title": "Coles Bakery Donuts Cinnamon | 12 pack",
      "current_price": 3.3,
      "original_price": null,
      "discount_percentage": null,
      "discount_amount": null,
      "image_url": "https://www.coles.com.au/_next/image?url=https%3A%2F%2Fcdn.productimages.coles.com.au%2Fproductimages%2F8%2F8836824.jpg&w=640&q=90",
      "product_url": "https://www.coles.com.au/product/coles-bakery-donuts-cinnamon-12-pack-8836824",
      "category": "down-down",
      "brand": null,
      "weight_size": null,
      "per_unit_price": "$0.28 per 1eaWas $3.50 on Jun 2025",
      "rating": null,
      "review_count": null,
      "in_stock": true,
      "is_on_sale": false,
      "scraped_at": "2025-08-05T17:43:43.436Z",
      "page_number": 11,
      "source_url": "https://www.coles.com.au/browse/down-down?page=11",
      "is_sponsored": null
    },
    {
      "title": "Coles Sugar Donuts | 12 pack",
      "current_price": 3.3,
      "original_price": null,
      "discount_percentage": null,
      "discount_amount": null,
      "image_url": "https://www.coles.com.au/_next/image?url=https%3A%2F%2Fcdn.productimages.coles.com.au%2Fproductimages%2F8%2F8836960.jpg&w=640&q=90",
      "product_url": "https://www.coles.com.au/product/coles-sugar-donuts-12-pack-8836960",
      "category": "down-down",
      "brand": null,
      "weight_size": null,
      "per_unit_price": "$0.28 per 1eaWas $3.50 on Jun 2025",
      "rating": null,
      "review_count": null,
      "in_stock": true,
      "is_on_sale": false,
      "scraped_at": "2025-08-05T17:43:43.436Z",
      "page_number": 11,
      "source_url": "https://www.coles.com.au/browse/down-down?page=11",
      "is_sponsored": null
    },
    {
      "title": "Carmelina Chick Peas | 400 GRAM",
      "current_price": 1.4,
      "original_price": null,
      "discount_percentage": null,
      "discount_amount": null,
      "image_url": "https://www.coles.com.au/_next/image?url=https%3A%2F%2Fcdn.productimages.coles.com.au%2Fproductimages%2F8%2F8855498.jpg&w=640&q=90",
      "product_url": "https://www.coles.com.au/product/carmelina-chick-peas-400-gram-8855498",
      "category": "down-down",
      "brand": null,
      "weight_size": null,
      "per_unit_price": "$3.50 per 1kgWas $1.90 on Jul 2025",
      "rating": null,
      "review_count": null,
      "in_stock": true,
      "is_on_sale": false,
      "scraped_at": "2025-08-05T17:43:43.436Z",
      "page_number": 11,
      "source_url": "https://www.coles.com.au/browse/down-down?page=11",
      "is_sponsored": null
    },
    {
      "title": "Carmelina. Red Kidney Beans | 400 GRAM",
      "current_price": 1.4,
      "original_price": null,
      "discount_percentage": null,
      "discount_amount": null,
      "image_url": "https://www.coles.com.au/_next/image?url=https%3A%2F%2Fcdn.productimages.coles.com.au%2Fproductimages%2F8%2F8855512.jpg&w=640&q=90",
      "product_url": "https://www.coles.com.au/product/carmelina.-red-kidney-beans-400-gram-8855512",
      "category": "down-down",
      "brand": null,
      "weight_size": null,
      "per_unit_price": "$3.50 per 1kgWas $1.90 on Jul 2025",
      "rating": null,
      "review_count": null,
      "in_stock": true,
      "is_on_sale": false,
      "scraped_at": "2025-08-05T17:43:43.436Z",
      "page_number": 11,
      "source_url": "https://www.coles.com.au/browse/down-down?page=11",
      "is_sponsored": null
    },
    {
      "title": "Carmelina Lentils | 400g",
      "current_price": 1.4,
      "original_price": null,
      "discount_percentage": null,
      "discount_amount": null,
      "image_url": "https://www.coles.com.au/_next/image?url=https%3A%2F%2Fcdn.productimages.coles.com.au%2Fproductimages%2F8%2F8855567.jpg&w=640&q=90",
      "product_url": "https://www.coles.com.au/product/carmelina-lentils-400g-8855567",
      "category": "down-down",
      "brand": null,
      "weight_size": null,
      "per_unit_price": "$3.50 per 1kgWas $1.90 on Jul 2025",
      "rating": null,
      "review_count": null,
      "in_stock": true,
      "is_on_sale": false,
      "scraped_at": "2025-08-05T17:43:43.436Z",
      "page_number": 11,
      "source_url": "https://www.coles.com.au/browse/down-down?page=11",
      "is_sponsored": null
    },
    {
      "title": "Carmelina Black Beans | 400 GRAM",
      "current_price": 1.4,
      "original_price": null,
      "discount_percentage": null,
      "discount_amount": null,
      "image_url": "https://www.coles.com.au/_next/image?url=https%3A%2F%2Fcdn.productimages.coles.com.au%2Fproductimages%2F8%2F8855589.jpg&w=640&q=90",
      "product_url": "https://www.coles.com.au/product/carmelina-black-beans-400-gram-8855589",
      "category": "down-down",
      "brand": null,
      "weight_size": null,
      "per_unit_price": "$3.50 per 1kgWas $1.90 on Jul 2025",
      "rating": null,
      "review_count": null,
      "in_stock": true,
      "is_on_sale": false,
      "scraped_at": "2025-08-05T17:43:43.436Z",
      "page_number": 11,
      "source_url": "https://www.coles.com.au/browse/down-down?page=11",
      "is_sponsored": null
    },
    {
      "title": "Carmelina 4 Bean Mix | 400 GRAM",
      "current_price": 1.4,
      "original_price": null,
      "discount_percentage": null,
      "discount_amount": null,
      "image_url": "https://www.coles.com.au/_next/image?url=https%3A%2F%2Fcdn.productimages.coles.com.au%2Fproductimages%2F8%2F8855614.jpg&w=640&q=90",
      "product_url": "https://www.coles.com.au/product/carmelina-4-bean-mix-400-gram-8855614",
      "category": "down-down",
      "brand": null,
      "weight_size": null,
      "per_unit_price": "$3.50 per 1kgWas $1.90 on Jul 2025",
      "rating": null,
      "review_count": null,
      "in_stock": true,
      "is_on_sale": false,
      "scraped_at": "2025-08-05T17:43:43.436Z",
      "page_number": 11,
      "source_url": "https://www.coles.com.au/browse/down-down?page=11",
      "is_sponsored": null
    },
    {
      "title": "Carmelina Butter Beans | 400g",
      "current_price": 1.4,
      "original_price": null,
      "discount_percentage": null,
      "discount_amount": null,
      "image_url": "https://www.coles.com.au/_next/image?url=https%3A%2F%2Fcdn.productimages.coles.com.au%2Fproductimages%2F8%2F8855691.jpg&w=640&q=90",
      "product_url": "https://www.coles.com.au/product/carmelina-butter-beans-400g-8855691",
      "category": "down-down",
      "brand": null,
      "weight_size": null,
      "per_unit_price": "$3.50 per 1kgWas $1.90 on Jul 2025",
      "rating": null,
      "review_count": null,
      "in_stock": true,
      "is_on_sale": false,
      "scraped_at": "2025-08-05T17:43:43.436Z",
      "page_number": 11,
      "source_url": "https://www.coles.com.au/browse/down-down?page=11",
      "is_sponsored": null
    },
    {
      "title": "Carmelina Borlotti Beans | 400 GRAM",
      "current_price": 1.4,
      "original_price": null,
      "discount_percentage": null,
      "discount_amount": null,
      "image_url": "https://www.coles.com.au/_next/image?url=https%3A%2F%2Fcdn.productimages.coles.com.au%2Fproductimages%2F8%2F8859568.jpg&w=640&q=90",
      "product_url": "https://www.coles.com.au/product/carmelina-borlotti-beans-400-gram-8859568",
      "category": "down-down",
      "brand": null,
      "weight_size": null,
      "per_unit_price": "$3.50 per 1kgWas $1.90 on Jul 2025",
      "rating": null,
      "review_count": null,
      "in_stock": true,
      "is_on_sale": false,
      "scraped_at": "2025-08-05T17:43:43.436Z",
      "page_number": 11,
      "source_url": "https://www.coles.com.au/browse/down-down?page=11",
      "is_sponsored": null
    },
    {
      "title": "Carmelina Cannellini Beans | 400 GRAM",
      "current_price": 1.4,
      "original_price": null,
      "discount_percentage": null,
      "discount_amount": null,
      "image_url": "https://www.coles.com.au/_next/image?url=https%3A%2F%2Fcdn.productimages.coles.com.au%2Fproductimages%2F8%2F8860090.jpg&w=640&q=90",
      "product_url": "https://www.coles.com.au/product/carmelina-cannellini-beans-400-gram-8860090",
      "category": "down-down",
      "brand": null,
      "weight_size": null,
      "per_unit_price": "$3.50 per 1kgWas $1.90 on Jul 2025",
      "rating": null,
      "review_count": null,
      "in_stock": true,
      "is_on_sale": false,
      "scraped_at": "2025-08-05T17:43:43.436Z",
      "page_number": 11,
      "source_url": "https://www.coles.com.au/browse/down-down?page=11",
      "is_sponsored": null
    },
    {
      "title": "Wiltshire Square 16cm Air Fryer Paper Liners | 50 Pack",
      "current_price": 5,
      "original_price": null,
      "discount_percentage": null,
      "discount_amount": null,
      "image_url": "https://www.coles.com.au/_next/image?url=https%3A%2F%2Fcdn.productimages.coles.com.au%2Fproductimages%2F8%2F8871053.jpg&w=640&q=90",
      "product_url": "https://www.coles.com.au/product/wiltshire-square-16cm-air-fryer-paper-liners-50-pack-8871053",
      "category": "down-down",
      "brand": null,
      "weight_size": null,
      "per_unit_price": "$0.10 per 1eaWas $10.00 on Jul 2025",
      "rating": null,
      "review_count": null,
      "in_stock": true,
      "is_on_sale": false,
      "scraped_at": "2025-08-05T17:43:43.436Z",
      "page_number": 11,
      "source_url": "https://www.coles.com.au/browse/down-down?page=11",
      "is_sponsored": null
    },
    {
      "title": "Wiltshire Square 20cm Air Fryer Paper Liners | 50 Pack",
      "current_price": 6,
      "original_price": null,
      "discount_percentage": null,
      "discount_amount": null,
      "image_url": "https://www.coles.com.au/_next/image?url=https%3A%2F%2Fcdn.productimages.coles.com.au%2Fproductimages%2F8%2F8871177.jpg&w=640&q=90",
      "product_url": "https://www.coles.com.au/product/wiltshire-square-20cm-air-fryer-paper-liners-50-pack-8871177",
      "category": "down-down",
      "brand": null,
      "weight_size": null,
      "per_unit_price": "$0.12 per 1eaWas $12.00 on Jul 2025",
      "rating": null,
      "review_count": null,
      "in_stock": true,
      "is_on_sale": false,
      "scraped_at": "2025-08-05T17:43:43.436Z",
      "page_number": 11,
      "source_url": "https://www.coles.com.au/browse/down-down?page=11",
      "is_sponsored": null
    },
    {
      "title": "Umamipapi Chilli Egg Mayo | 240mL",
      "current_price": 6.5,
      "original_price": null,
      "discount_percentage": null,
      "discount_amount": null,
      "image_url": "https://www.coles.com.au/_next/image?url=https%3A%2F%2Fcdn.productimages.coles.com.au%2Fproductimages%2F8%2F8882560.jpg&w=640&q=90",
      "product_url": "https://www.coles.com.au/product/umamipapi-chilli-egg-mayo-240ml-8882560",
      "category": "down-down",
      "brand": null,
      "weight_size": null,
      "per_unit_price": "$2.71 per 100mLWas $8.00 on Jul 2025",
      "rating": null,
      "review_count": null,
      "in_stock": true,
      "is_on_sale": false,
      "scraped_at": "2025-08-05T17:43:43.436Z",
      "page_number": 11,
      "source_url": "https://www.coles.com.au/browse/down-down?page=11",
      "is_sponsored": null
    },
    {
      "title": "Youfoodz Fueld Chicken Satay Noodles | 415g",
      "current_price": 10.8,
      "original_price": null,
      "discount_percentage": null,
      "discount_amount": null,
      "image_url": "https://www.coles.com.au/_next/image?url=https%3A%2F%2Fcdn.productimages.coles.com.au%2Fproductimages%2F8%2F8891607.jpg&w=640&q=90",
      "product_url": "https://www.coles.com.au/product/youfoodz-fueld-chicken-satay-noodles-415g-8891607",
      "category": "down-down",
      "brand": null,
      "weight_size": null,
      "per_unit_price": "$2.60 per 100gWas $12.00 on Jun 2025",
      "rating": null,
      "review_count": null,
      "in_stock": true,
      "is_on_sale": false,
      "scraped_at": "2025-08-05T17:43:43.436Z",
      "page_number": 11,
      "source_url": "https://www.coles.com.au/browse/down-down?page=11",
      "is_sponsored": null
    },
    {
      "title": "Coles Kitchen Family Chargrilled Chicken & Veggie Feast | 1.4kg",
      "current_price": 22,
      "original_price": null,
      "discount_percentage": null,
      "discount_amount": null,
      "image_url": "https://www.coles.com.au/_next/image?url=https%3A%2F%2Fcdn.productimages.coles.com.au%2Fproductimages%2F8%2F8895084.jpg&w=640&q=90",
      "product_url": "https://www.coles.com.au/product/coles-kitchen-family-chargrilled-chicken-and-veggie-feast-1.4kg-8895084",
      "category": "down-down",
      "brand": null,
      "weight_size": null,
      "per_unit_price": "$1.57 per 100gWas $25.00 on Jun 2025",
      "rating": null,
      "review_count": null,
      "in_stock": true,
      "is_on_sale": false,
      "scraped_at": "2025-08-05T17:43:43.436Z",
      "page_number": 11,
      "source_url": "https://www.coles.com.au/browse/down-down?page=11",
      "is_sponsored": null
    },
    {
      "title": "Coles Kitchen Family Feast Tandoori Chicken | 1.4kg",
      "current_price": 22,
      "original_price": null,
      "discount_percentage": null,
      "discount_amount": null,
      "image_url": "https://www.coles.com.au/_next/image?url=https%3A%2F%2Fcdn.productimages.coles.com.au%2Fproductimages%2F8%2F8895110.jpg&w=640&q=90",
      "product_url": "https://www.coles.com.au/product/coles-kitchen-family-feast-tandoori-chicken-1.4kg-8895110",
      "category": "down-down",
      "brand": null,
      "weight_size": null,
      "per_unit_price": "$1.57 per 100gWas $25.00 on Jun 2025",
      "rating": null,
      "review_count": null,
      "in_stock": true,
      "is_on_sale": false,
      "scraped_at": "2025-08-05T17:43:43.436Z",
      "page_number": 11,
      "source_url": "https://www.coles.com.au/browse/down-down?page=11",
      "is_sponsored": null
    },
    {
      "title": "Compeed Blister Medium | 5 pack",
      "current_price": 10,
      "original_price": null,
      "discount_percentage": null,
      "discount_amount": null,
      "image_url": "https://www.coles.com.au/_next/image?url=https%3A%2F%2Fcdn.productimages.coles.com.au%2Fproductimages%2F8%2F8925072.jpg&w=640&q=90",
      "product_url": "https://www.coles.com.au/product/compeed-blister-medium-5-pack-8925072",
      "category": "down-down",
      "brand": null,
      "weight_size": null,
      "per_unit_price": "$2.00 per 1eaWas $13.00 on Jul 2025",
      "rating": null,
      "review_count": null,
      "in_stock": true,
      "is_on_sale": false,
      "scraped_at": "2025-08-05T17:43:43.436Z",
      "page_number": 11,
      "source_url": "https://www.coles.com.au/browse/down-down?page=11",
      "is_sponsored": null
    },
    {
      "title": "Oakwood Shoe And Boot Microfibre Cloth 20x20cm | 1PACK",
      "current_price": 3.2,
      "original_price": null,
      "discount_percentage": null,
      "discount_amount": null,
      "image_url": "https://www.coles.com.au/_next/image?url=https%3A%2F%2Fcdn.productimages.coles.com.au%2Fproductimages%2F8%2F8925163.jpg&w=640&q=90",
      "product_url": "https://www.coles.com.au/product/oakwood-shoe-and-boot-microfibre-cloth-20x20cm-1pack-8925163",
      "category": "down-down",
      "brand": null,
      "weight_size": null,
      "per_unit_price": "Was $4.00 on Jul 2025",
      "rating": null,
      "review_count": null,
      "in_stock": true,
      "is_on_sale": false,
      "scraped_at": "2025-08-05T17:43:43.436Z",
      "page_number": 11,
      "source_url": "https://www.coles.com.au/browse/down-down?page=11",
      "is_sponsored": null
    },
    {
      "title": "Oakwood Magic Eraser Spong | 2PACK",
      "current_price": 3.2,
      "original_price": null,
      "discount_percentage": null,
      "discount_amount": null,
      "image_url": "https://www.coles.com.au/_next/image?url=https%3A%2F%2Fcdn.productimages.coles.com.au%2Fproductimages%2F8%2F8925185.jpg&w=640&q=90",
      "product_url": "https://www.coles.com.au/product/oakwood-magic-eraser-spong-2pack-8925185",
      "category": "down-down",
      "brand": null,
      "weight_size": null,
      "per_unit_price": "$1.60 per 1eaWas $4.00 on Jul 2025",
      "rating": null,
      "review_count": null,
      "in_stock": true,
      "is_on_sale": false,
      "scraped_at": "2025-08-05T17:43:43.436Z",
      "page_number": 11,
      "source_url": "https://www.coles.com.au/browse/down-down?page=11",
      "is_sponsored": null
    },
    {
      "title": "Rehydraid Electrolyte Effervescent Tablets Apple Raspberry | 10 Pack",
      "current_price": 5,
      "original_price": null,
      "discount_percentage": null,
      "discount_amount": null,
      "image_url": "https://www.coles.com.au/_next/image?url=https%3A%2F%2Fcdn.productimages.coles.com.au%2Fproductimages%2F8%2F8925516.jpg&w=640&q=90",
      "product_url": "https://www.coles.com.au/product/rehydraid-electrolyte-effervescent-tablets-apple-raspberry-10-pack-8925516",
      "category": "down-down",
      "brand": null,
      "weight_size": null,
      "per_unit_price": "$0.50 per 1eaWas $8.80 on May 2025",
      "rating": null,
      "review_count": null,
      "in_stock": true,
      "is_on_sale": false,
      "scraped_at": "2025-08-05T17:43:43.436Z",
      "page_number": 11,
      "source_url": "https://www.coles.com.au/browse/down-down?page=11",
      "is_sponsored": null
    },
    {
      "title": "Rehydraid Electrolyte Effervescent Tablets Grape | 10 Pack",
      "current_price": 5,
      "original_price": null,
      "discount_percentage": null,
      "discount_amount": null,
      "image_url": "https://www.coles.com.au/_next/image?url=https%3A%2F%2Fcdn.productimages.coles.com.au%2Fproductimages%2F8%2F8925549.jpg&w=640&q=90",
      "product_url": "https://www.coles.com.au/product/rehydraid-electrolyte-effervescent-tablets-grape-10-pack-8925549",
      "category": "down-down",
      "brand": null,
      "weight_size": null,
      "per_unit_price": "$0.50 per 1eaWas $8.80 on May 2025",
      "rating": null,
      "review_count": null,
      "in_stock": true,
      "is_on_sale": false,
      "scraped_at": "2025-08-05T17:43:43.436Z",
      "page_number": 11,
      "source_url": "https://www.coles.com.au/browse/down-down?page=11",
      "is_sponsored": null
    },
    {
      "title": "Rehydraid Electrolyte Effervescent Tablets Orange & Mango | 10 Pack",
      "current_price": 5,
      "original_price": null,
      "discount_percentage": null,
      "discount_amount": null,
      "image_url": "https://www.coles.com.au/_next/image?url=https%3A%2F%2Fcdn.productimages.coles.com.au%2Fproductimages%2F8%2F8925550.jpg&w=640&q=90",
      "product_url": "https://www.coles.com.au/product/rehydraid-electrolyte-effervescent-tablets-orange-and-mango-10-pack-8925550",
      "category": "down-down",
      "brand": null,
      "weight_size": null,
      "per_unit_price": "$0.50 per 1eaWas $8.80 on May 2025",
      "rating": null,
      "review_count": null,
      "in_stock": true,
      "is_on_sale": false,
      "scraped_at": "2025-08-05T17:43:43.436Z",
      "page_number": 11,
      "source_url": "https://www.coles.com.au/browse/down-down?page=11",
      "is_sponsored": null
    },
    {
      "title": "Touchbio Home Test Kit Uti | 2PACK",
      "current_price": 14,
      "original_price": null,
      "discount_percentage": null,
      "discount_amount": null,
      "image_url": "https://www.coles.com.au/_next/image?url=https%3A%2F%2Fcdn.productimages.coles.com.au%2Fproductimages%2F8%2F8926406.jpg&w=640&q=90",
      "product_url": "https://www.coles.com.au/product/touchbio-home-test-kit-uti-2pack-8926406",
      "category": "down-down",
      "brand": null,
      "weight_size": null,
      "per_unit_price": "$7.00 per 1eaWas $16.00 on Jul 2025",
      "rating": null,
      "review_count": null,
      "in_stock": true,
      "is_on_sale": false,
      "scraped_at": "2025-08-05T17:43:43.436Z",
      "page_number": 11,
      "source_url": "https://www.coles.com.au/browse/down-down?page=11",
      "is_sponsored": null
    },
    {
      "title": "Lvl Up Everday Hydration Mixed Berry 10pk | 10PACK",
      "current_price": 11,
      "original_price": null,
      "discount_percentage": null,
      "discount_amount": null,
      "image_url": "https://www.coles.com.au/_next/image?url=https%3A%2F%2Fcdn.productimages.coles.com.au%2Fproductimages%2F8%2F8926600.jpg&w=640&q=90",
      "product_url": "https://www.coles.com.au/product/lvl-up-everday-hydration-mixed-berry-10pk-10pack-8926600",
      "category": "down-down",
      "brand": null,
      "weight_size": null,
      "per_unit_price": "$1.10 per 1eaWas $15.00 on Jun 2025",
      "rating": null,
      "review_count": null,
      "in_stock": true,
      "is_on_sale": false,
      "scraped_at": "2025-08-05T17:43:43.436Z",
      "page_number": 11,
      "source_url": "https://www.coles.com.au/browse/down-down?page=11",
      "is_sponsored": null
    },
    {
      "title": "Lvl Up Everday Hydration Lemon Lime 10pk | 10PACK",
      "current_price": 11,
      "original_price": null,
      "discount_percentage": null,
      "discount_amount": null,
      "image_url": "https://www.coles.com.au/_next/image?url=https%3A%2F%2Fcdn.productimages.coles.com.au%2Fproductimages%2F8%2F8926621.jpg&w=640&q=90",
      "product_url": "https://www.coles.com.au/product/lvl-up-everday-hydration-lemon-lime-10pk-10pack-8926621",
      "category": "down-down",
      "brand": null,
      "weight_size": null,
      "per_unit_price": "$1.10 per 1eaWas $15.00 on Jun 2025",
      "rating": null,
      "review_count": null,
      "in_stock": true,
      "is_on_sale": false,
      "scraped_at": "2025-08-05T17:43:43.436Z",
      "page_number": 11,
      "source_url": "https://www.coles.com.au/browse/down-down?page=11",
      "is_sponsored": null
    },
    {
      "title": "Lvl Up Everday Hydration Orange 10pk | 10PACK",
      "current_price": 11,
      "original_price": null,
      "discount_percentage": null,
      "discount_amount": null,
      "image_url": "https://www.coles.com.au/_next/image?url=https%3A%2F%2Fcdn.productimages.coles.com.au%2Fproductimages%2F8%2F8926632.jpg&w=640&q=90",
      "product_url": "https://www.coles.com.au/product/lvl-up-everday-hydration-orange-10pk-10pack-8926632",
      "category": "down-down",
      "brand": null,
      "weight_size": null,
      "per_unit_price": "$1.10 per 1eaWas $15.00 on Jun 2025",
      "rating": null,
      "review_count": null,
      "in_stock": true,
      "is_on_sale": false,
      "scraped_at": "2025-08-05T17:43:43.436Z",
      "page_number": 11,
      "source_url": "https://www.coles.com.au/browse/down-down?page=11",
      "is_sponsored": null
    },
    {
      "title": "Golden Circle Apple Fruit Juice Tetra 6 Pack | 200mL",
      "current_price": 5.5,
      "original_price": null,
      "discount_percentage": null,
      "discount_amount": null,
      "image_url": "https://www.coles.com.au/_next/image?url=https%3A%2F%2Fcdn.productimages.coles.com.au%2Fproductimages%2F8%2F8940280.jpg&w=640&q=90",
      "product_url": "https://www.coles.com.au/product/golden-circle-apple-fruit-juice-tetra-6-pack-200ml-8940280",
      "category": "down-down",
      "brand": null,
      "weight_size": null,
      "per_unit_price": "$4.58 per 1LWas $6.50 on Jun 2025",
      "rating": null,
      "review_count": null,
      "in_stock": true,
      "is_on_sale": false,
      "scraped_at": "2025-08-05T17:43:43.436Z",
      "page_number": 11,
      "source_url": "https://www.coles.com.au/browse/down-down?page=11",
      "is_sponsored": null
    },
    {
      "title": "Golden Circle Apple Mango Juice Tetra 6 Pack | 200mL",
      "current_price": 5.5,
      "original_price": null,
      "discount_percentage": null,
      "discount_amount": null,
      "image_url": "https://www.coles.com.au/_next/image?url=https%3A%2F%2Fcdn.productimages.coles.com.au%2Fproductimages%2F8%2F8940371.jpg&w=640&q=90",
      "product_url": "https://www.coles.com.au/product/golden-circle-apple-mango-juice-tetra-6-pack-200ml-8940371",
      "category": "down-down",
      "brand": null,
      "weight_size": null,
      "per_unit_price": "$4.58 per 1LWas $6.50 on Jun 2025",
      "rating": null,
      "review_count": null,
      "in_stock": true,
      "is_on_sale": false,
      "scraped_at": "2025-08-05T17:43:43.436Z",
      "page_number": 11,
      "source_url": "https://www.coles.com.au/browse/down-down?page=11",
      "is_sponsored": null
    },
    {
      "title": "Golden Circle Tropical Juice Tetra 6 Pack | 200mL",
      "current_price": 5.5,
      "original_price": null,
      "discount_percentage": null,
      "discount_amount": null,
      "image_url": "https://www.coles.com.au/_next/image?url=https%3A%2F%2Fcdn.productimages.coles.com.au%2Fproductimages%2F8%2F8940382.jpg&w=640&q=90",
      "product_url": "https://www.coles.com.au/product/golden-circle-tropical-juice-tetra-6-pack-200ml-8940382",
      "category": "down-down",
      "brand": null,
      "weight_size": null,
      "per_unit_price": "$4.58 per 1LWas $6.50 on Jun 2025",
      "rating": null,
      "review_count": null,
      "in_stock": true,
      "is_on_sale": false,
      "scraped_at": "2025-08-05T17:43:43.436Z",
      "page_number": 11,
      "source_url": "https://www.coles.com.au/browse/down-down?page=11",
      "is_sponsored": null
    },
    {
      "title": "Tunnock's Caramel Milk Chocolate Wafers Biscuits 8 Pack | 240g",
      "current_price": 6,
      "original_price": null,
      "discount_percentage": null,
      "discount_amount": null,
      "image_url": "https://www.coles.com.au/_next/image?url=https%3A%2F%2Fcdn.productimages.coles.com.au%2Fproductimages%2F8%2F8946210.jpg&w=640&q=90",
      "product_url": "https://www.coles.com.au/product/tunnock's-caramel-milk-chocolate-wafers-biscuits-8-pack-240g-8946210",
      "category": "down-down",
      "brand": null,
      "weight_size": null,
      "per_unit_price": "$2.50 per 100gWas $7.00 on Jul 2025",
      "rating": null,
      "review_count": null,
      "in_stock": true,
      "is_on_sale": false,
      "scraped_at": "2025-08-05T17:43:43.436Z",
      "page_number": 11,
      "source_url": "https://www.coles.com.au/browse/down-down?page=11",
      "is_sponsored": null
    },
    {
      "title": "Golden Wok Grandma's Gyoza Pork | 700g",
      "current_price": 9,
      "original_price": null,
      "discount_percentage": null,
      "discount_amount": null,
      "image_url": "https://www.coles.com.au/_next/image?url=https%3A%2F%2Fcdn.productimages.coles.com.au%2Fproductimages%2F8%2F8949026.jpg&w=640&q=90",
      "product_url": "https://www.coles.com.au/product/golden-wok-grandma's-gyoza-pork-700g-8949026",
      "category": "down-down",
      "brand": null,
      "weight_size": null,
      "per_unit_price": "$1.29 per 100gWas $11.00 on Jun 2025",
      "rating": null,
      "review_count": null,
      "in_stock": true,
      "is_on_sale": false,
      "scraped_at": "2025-08-05T17:43:43.436Z",
      "page_number": 11,
      "source_url": "https://www.coles.com.au/browse/down-down?page=11",
      "is_sponsored": null
    },
    {
      "title": "Golden Wok Grandma's Chicken Gyozas | 700g",
      "current_price": 9,
      "original_price": null,
      "discount_percentage": null,
      "discount_amount": null,
      "image_url": "https://www.coles.com.au/_next/image?url=https%3A%2F%2Fcdn.productimages.coles.com.au%2Fproductimages%2F8%2F8949059.jpg&w=640&q=90",
      "product_url": "https://www.coles.com.au/product/golden-wok-grandma's-chicken-gyozas-700g-8949059",
      "category": "down-down",
      "brand": null,
      "weight_size": null,
      "per_unit_price": "$1.29 per 100gWas $11.00 on Jun 2025",
      "rating": null,
      "review_count": null,
      "in_stock": true,
      "is_on_sale": false,
      "scraped_at": "2025-08-05T17:43:43.436Z",
      "page_number": 11,
      "source_url": "https://www.coles.com.au/browse/down-down?page=11",
      "is_sponsored": null
    },
    {
      "title": "Barkers Dessert Sauce Gingerbread Caramel | 365g",
      "current_price": 4,
      "original_price": null,
      "discount_percentage": null,
      "discount_amount": null,
      "image_url": "https://www.coles.com.au/_next/image?url=https%3A%2F%2Fcdn.productimages.coles.com.au%2Fproductimages%2F8%2F8970612.jpg&w=640&q=90",
      "product_url": "https://www.coles.com.au/product/barkers-dessert-sauce-gingerbread-caramel-365g-8970612",
      "category": "down-down",
      "brand": null,
      "weight_size": null,
      "per_unit_price": "$1.10 per 100gWas $5.50 on May 2025",
      "rating": null,
      "review_count": null,
      "in_stock": true,
      "is_on_sale": false,
      "scraped_at": "2025-08-05T17:43:43.436Z",
      "page_number": 11,
      "source_url": "https://www.coles.com.au/browse/down-down?page=11",
      "is_sponsored": null
    },
    {
      "title": "Barkers Dessert Sauce Tiramisu | 355g",
      "current_price": 4,
      "original_price": null,
      "discount_percentage": null,
      "discount_amount": null,
      "image_url": "https://www.coles.com.au/_next/image?url=https%3A%2F%2Fcdn.productimages.coles.com.au%2Fproductimages%2F8%2F8970623.jpg&w=640&q=90",
      "product_url": "https://www.coles.com.au/product/barkers-dessert-sauce-tiramisu-355g-8970623",
      "category": "down-down",
      "brand": null,
      "weight_size": null,
      "per_unit_price": "$1.13 per 100gWas $5.50 on May 2025",
      "rating": null,
      "review_count": null,
      "in_stock": true,
      "is_on_sale": false,
      "scraped_at": "2025-08-05T17:43:43.436Z",
      "page_number": 11,
      "source_url": "https://www.coles.com.au/browse/down-down?page=11",
      "is_sponsored": null
    }
  ],
  "summary": {
    "total_products": 56,
    "products_on_sale": 0,
    "products_with_ratings": 0,
    "average_price": 6.3866071428571445,
    "price_range": {
      "min": 1.4,
      "max": 22
    }
  }
}