{
  "extraction_info": {
    "timestamp": "2025-08-05T17:43:35.220Z",
    "page_url": "https://www.coles.com.au/browse/down-down?page=10",
    "category": "down-down",
    "page_number": 10,
    "selector_set_used": "high_confidence",
    "total_products": 58,
    "total_elements_found": 58
  },
  "products": [
    {
      "title": "Youfoodz Fueld Chicken Carbonara | 426g",
      "current_price": 10.8,
      "original_price": null,
      "discount_percentage": null,
      "discount_amount": null,
      "image_url": "https://www.coles.com.au/_next/image?url=https%3A%2F%2Fcdn.productimages.coles.com.au%2Fproductimages%2F7%2F7825367.jpg&w=640&q=90",
      "product_url": "https://www.coles.com.au/product/youfoodz-fueld-chicken-carbonara-426g-7825367",
      "category": "down-down",
      "brand": null,
      "weight_size": null,
      "per_unit_price": "$2.54 per 100gWas $12.00 on Jun 2025",
      "rating": null,
      "review_count": null,
      "in_stock": true,
      "is_on_sale": false,
      "scraped_at": "2025-08-05T17:43:35.220Z",
      "page_number": 10,
      "source_url": "https://www.coles.com.au/browse/down-down?page=10",
      "is_sponsored": null
    },
    {
      "title": "Moxie Liners Organic Ultra Thin | 26 pack",
      "current_price": 4.5,
      "original_price": null,
      "discount_percentage": null,
      "discount_amount": null,
      "image_url": "https://www.coles.com.au/_next/image?url=https%3A%2F%2Fcdn.productimages.coles.com.au%2Fproductimages%2F6%2F6126792.jpg&w=640&q=90",
      "product_url": "https://www.coles.com.au/product/moxie-liners-organic-ultra-thin-26-pack-6126792",
      "category": "down-down",
      "brand": null,
      "weight_size": null,
      "per_unit_price": "$0.17 per 1eaWas $5.90 on Jul 2025",
      "rating": null,
      "review_count": null,
      "in_stock": true,
      "is_on_sale": false,
      "scraped_at": "2025-08-05T17:43:35.220Z",
      "page_number": 10,
      "source_url": "https://www.coles.com.au/browse/down-down?page=10",
      "is_sponsored": true
    },
    {
      "title": "Cold Power Advanced Clean Laundry Liquid | 4L",
      "current_price": 25,
      "original_price": null,
      "discount_percentage": null,
      "discount_amount": null,
      "image_url": "https://www.coles.com.au/_next/image?url=https%3A%2F%2Fcdn.productimages.coles.com.au%2Fproductimages%2F3%2F3774639.jpg&w=640&q=90",
      "product_url": "https://www.coles.com.au/product/cold-power-advanced-clean-laundry-liquid-4l-3774639",
      "category": "down-down",
      "brand": null,
      "weight_size": null,
      "per_unit_price": "$6.25 per 1LWas $36.00 on Jun 2025",
      "rating": null,
      "review_count": null,
      "in_stock": true,
      "is_on_sale": false,
      "scraped_at": "2025-08-05T17:43:35.220Z",
      "page_number": 10,
      "source_url": "https://www.coles.com.au/browse/down-down?page=10",
      "is_sponsored": true
    },
    {
      "title": "Infant's Friend Colic & Wind | 100mL",
      "current_price": 13.1,
      "original_price": null,
      "discount_percentage": null,
      "discount_amount": null,
      "image_url": "https://www.coles.com.au/_next/image?url=https%3A%2F%2Fcdn.productimages.coles.com.au%2Fproductimages%2F5%2F5254629.jpg&w=640&q=90",
      "product_url": "https://www.coles.com.au/product/infant's-friend-colic-and-wind-100ml-5254629",
      "category": "down-down",
      "brand": null,
      "weight_size": null,
      "per_unit_price": "$13.10 per 100mLWas $17.00 on Jul 2025",
      "rating": null,
      "review_count": null,
      "in_stock": true,
      "is_on_sale": false,
      "scraped_at": "2025-08-05T17:43:35.220Z",
      "page_number": 10,
      "source_url": "https://www.coles.com.au/browse/down-down?page=10",
      "is_sponsored": true
    },
    {
      "title": "Advil Ibuprofen Pain Relief Tablets | 24 Pack",
      "current_price": 4.95,
      "original_price": null,
      "discount_percentage": null,
      "discount_amount": null,
      "image_url": "https://www.coles.com.au/_next/image?url=https%3A%2F%2Fcdn.productimages.coles.com.au%2Fproductimages%2F4%2F4515126.jpg&w=640&q=90",
      "product_url": "https://www.coles.com.au/product/advil-ibuprofen-pain-relief-tablets-24-pack-4515126",
      "category": "down-down",
      "brand": null,
      "weight_size": null,
      "per_unit_price": "$0.21 per 1ea",
      "rating": null,
      "review_count": null,
      "in_stock": true,
      "is_on_sale": false,
      "scraped_at": "2025-08-05T17:43:35.220Z",
      "page_number": 10,
      "source_url": "https://www.coles.com.au/browse/down-down?page=10",
      "is_sponsored": true
    },
    {
      "title": "Riverina Fetta Greek Style | 200g",
      "current_price": 4.7,
      "original_price": null,
      "discount_percentage": null,
      "discount_amount": null,
      "image_url": "https://www.coles.com.au/_next/image?url=https%3A%2F%2Fcdn.productimages.coles.com.au%2Fproductimages%2F4%2F4360879.jpg&w=640&q=90",
      "product_url": "https://www.coles.com.au/product/riverina-fetta-greek-style-200g-4360879",
      "category": "down-down",
      "brand": null,
      "weight_size": null,
      "per_unit_price": "$23.50 per 1kgWas $5.30 on Jul 2025",
      "rating": null,
      "review_count": null,
      "in_stock": true,
      "is_on_sale": false,
      "scraped_at": "2025-08-05T17:43:35.220Z",
      "page_number": 10,
      "source_url": "https://www.coles.com.au/browse/down-down?page=10",
      "is_sponsored": true
    },
    {
      "title": "Danone The Ultimate Black Cherry Yoghurt 4x115g | 4 pack",
      "current_price": 4.5,
      "original_price": null,
      "discount_percentage": null,
      "discount_amount": null,
      "image_url": "https://www.coles.com.au/_next/image?url=https%3A%2F%2Fcdn.productimages.coles.com.au%2Fproductimages%2F3%2F3310183.jpg&w=640&q=90",
      "product_url": "https://www.coles.com.au/product/danone-the-ultimate-black-cherry-yoghurt-4x115g-4-pack-3310183",
      "category": "down-down",
      "brand": null,
      "weight_size": null,
      "per_unit_price": "$0.98 per 100gWas $5.75 on Jun 2025",
      "rating": null,
      "review_count": null,
      "in_stock": true,
      "is_on_sale": false,
      "scraped_at": "2025-08-05T17:43:35.220Z",
      "page_number": 10,
      "source_url": "https://www.coles.com.au/browse/down-down?page=10",
      "is_sponsored": true
    },
    {
      "title": "Danone The Ultimate Tropical Mango Yoghurt 4x115g | 4 pack",
      "current_price": 4.5,
      "original_price": null,
      "discount_percentage": null,
      "discount_amount": null,
      "image_url": "https://www.coles.com.au/_next/image?url=https%3A%2F%2Fcdn.productimages.coles.com.au%2Fproductimages%2F3%2F3310194.jpg&w=640&q=90",
      "product_url": "https://www.coles.com.au/product/danone-the-ultimate-tropical-mango-yoghurt-4x115g-4-pack-3310194",
      "category": "down-down",
      "brand": null,
      "weight_size": null,
      "per_unit_price": "$0.98 per 100gWas $5.75 on Jun 2025",
      "rating": null,
      "review_count": null,
      "in_stock": true,
      "is_on_sale": false,
      "scraped_at": "2025-08-05T17:43:35.220Z",
      "page_number": 10,
      "source_url": "https://www.coles.com.au/browse/down-down?page=10",
      "is_sponsored": true
    },
    {
      "title": "Danone The Ultimate Succulent Strawberry Yoghurt 4x115g | 4 pack",
      "current_price": 4.5,
      "original_price": null,
      "discount_percentage": null,
      "discount_amount": null,
      "image_url": "https://www.coles.com.au/_next/image?url=https%3A%2F%2Fcdn.productimages.coles.com.au%2Fproductimages%2F3%2F3310140.jpg&w=640&q=90",
      "product_url": "https://www.coles.com.au/product/danone-the-ultimate-succulent-strawberry-yoghurt-4x115g-4-pack-3310140",
      "category": "down-down",
      "brand": null,
      "weight_size": null,
      "per_unit_price": "$0.98 per 100gWas $5.75 on Jun 2025",
      "rating": null,
      "review_count": null,
      "in_stock": true,
      "is_on_sale": false,
      "scraped_at": "2025-08-05T17:43:35.220Z",
      "page_number": 10,
      "source_url": "https://www.coles.com.au/browse/down-down?page=10",
      "is_sponsored": true
    },
    {
      "title": "Danone The Ultimate Golden Honey Yoghurt 4x115g | 4 Pack",
      "current_price": 4.5,
      "original_price": null,
      "discount_percentage": null,
      "discount_amount": null,
      "image_url": "https://www.coles.com.au/_next/image?url=https%3A%2F%2Fcdn.productimages.coles.com.au%2Fproductimages%2F3%2F3310139.jpg&w=640&q=90",
      "product_url": "https://www.coles.com.au/product/danone-the-ultimate-golden-honey-yoghurt-4x115g-4-pack-3310139",
      "category": "down-down",
      "brand": null,
      "weight_size": null,
      "per_unit_price": "$0.98 per 100gWas $5.75 on Jun 2025",
      "rating": null,
      "review_count": null,
      "in_stock": true,
      "is_on_sale": false,
      "scraped_at": "2025-08-05T17:43:35.220Z",
      "page_number": 10,
      "source_url": "https://www.coles.com.au/browse/down-down?page=10",
      "is_sponsored": true
    },
    {
      "title": "Herron Nicaway Nicotine Lozenge 2mg | 72 pack",
      "current_price": 22,
      "original_price": null,
      "discount_percentage": null,
      "discount_amount": null,
      "image_url": "https://www.coles.com.au/_next/image?url=https%3A%2F%2Fcdn.productimages.coles.com.au%2Fproductimages%2F3%2F3058390.jpg&w=640&q=90",
      "product_url": "https://www.coles.com.au/product/herron-nicaway-nicotine-lozenge-2mg-72-pack-3058390",
      "category": "down-down",
      "brand": null,
      "weight_size": null,
      "per_unit_price": "$0.31 per 1eaWas $26.00 on Aug 2025",
      "rating": null,
      "review_count": null,
      "in_stock": true,
      "is_on_sale": false,
      "scraped_at": "2025-08-05T17:43:35.220Z",
      "page_number": 10,
      "source_url": "https://www.coles.com.au/browse/down-down?page=10",
      "is_sponsored": true
    },
    {
      "title": "Youfoodz Fueld Spagetti Bolognese | 412g",
      "current_price": 10.8,
      "original_price": null,
      "discount_percentage": null,
      "discount_amount": null,
      "image_url": "https://www.coles.com.au/_next/image?url=https%3A%2F%2Fcdn.productimages.coles.com.au%2Fproductimages%2F7%2F7825389.jpg&w=640&q=90",
      "product_url": "https://www.coles.com.au/product/youfoodz-fueld-spagetti-bolognese-412g-7825389",
      "category": "down-down",
      "brand": null,
      "weight_size": null,
      "per_unit_price": "$2.62 per 100gWas $12.00 on Jun 2025",
      "rating": null,
      "review_count": null,
      "in_stock": true,
      "is_on_sale": false,
      "scraped_at": "2025-08-05T17:43:35.220Z",
      "page_number": 10,
      "source_url": "https://www.coles.com.au/browse/down-down?page=10",
      "is_sponsored": null
    },
    {
      "title": "Schweppes Lemonade Soft Drink Cans Multipack 375mL x 30 Pack | 30 pack",
      "current_price": 25,
      "original_price": null,
      "discount_percentage": null,
      "discount_amount": null,
      "image_url": "https://www.coles.com.au/_next/image?url=https%3A%2F%2Fcdn.productimages.coles.com.au%2Fproductimages%2F7%2F7837388.jpg&w=640&q=90",
      "product_url": "https://www.coles.com.au/product/schweppes-lemonade-soft-drink-cans-multipack-375ml-x-30-pack-30-pack-7837388",
      "category": "down-down",
      "brand": null,
      "weight_size": null,
      "per_unit_price": "$2.22 per 1LWas $28.00 on May 2025",
      "rating": null,
      "review_count": null,
      "in_stock": true,
      "is_on_sale": false,
      "scraped_at": "2025-08-05T17:43:35.220Z",
      "page_number": 10,
      "source_url": "https://www.coles.com.au/browse/down-down?page=10",
      "is_sponsored": null
    },
    {
      "title": "Sunkist Orange Soft Drink Cans Multipack 375ml x 30 Pack | 30 pack",
      "current_price": 25,
      "original_price": null,
      "discount_percentage": null,
      "discount_amount": null,
      "image_url": "https://www.coles.com.au/_next/image?url=https%3A%2F%2Fcdn.productimages.coles.com.au%2Fproductimages%2F7%2F7837399.jpg&w=640&q=90",
      "product_url": "https://www.coles.com.au/product/sunkist-orange-soft-drink-cans-multipack-375ml-x-30-pack-30-pack-7837399",
      "category": "down-down",
      "brand": null,
      "weight_size": null,
      "per_unit_price": "$2.22 per 1LWas $28.00 on May 2025",
      "rating": null,
      "review_count": null,
      "in_stock": true,
      "is_on_sale": false,
      "scraped_at": "2025-08-05T17:43:35.220Z",
      "page_number": 10,
      "source_url": "https://www.coles.com.au/browse/down-down?page=10",
      "is_sponsored": null
    },
    {
      "title": "Solo Thirst Crusher Original Lemon Soft Drink Cans Multipack 375mL  ... 30 pack",
      "current_price": 25,
      "original_price": null,
      "discount_percentage": null,
      "discount_amount": null,
      "image_url": "https://www.coles.com.au/_next/image?url=https%3A%2F%2Fcdn.productimages.coles.com.au%2Fproductimages%2F7%2F7837402.jpg&w=640&q=90",
      "product_url": "https://www.coles.com.au/product/solo-thirst-crusher-original-lemon-soft-drink-cans-multipack-375ml-x-30-pack-30-pack-7837402",
      "category": "down-down",
      "brand": null,
      "weight_size": null,
      "per_unit_price": "$2.22 per 1LWas $28.00 on May 2025",
      "rating": null,
      "review_count": null,
      "in_stock": true,
      "is_on_sale": false,
      "scraped_at": "2025-08-05T17:43:35.220Z",
      "page_number": 10,
      "source_url": "https://www.coles.com.au/browse/down-down?page=10",
      "is_sponsored": null
    },
    {
      "title": "Coles Bakery Fruit Cake Light | 800g",
      "current_price": 6.5,
      "original_price": null,
      "discount_percentage": null,
      "discount_amount": null,
      "image_url": "https://www.coles.com.au/_next/image?url=https%3A%2F%2Fcdn.productimages.coles.com.au%2Fproductimages%2F7%2F7864722.jpg&w=640&q=90",
      "product_url": "https://www.coles.com.au/product/coles-bakery-fruit-cake-light-800g-7864722",
      "category": "down-down",
      "brand": null,
      "weight_size": null,
      "per_unit_price": "$0.81 per 100gWas $7.15 on Jul 2025",
      "rating": null,
      "review_count": null,
      "in_stock": true,
      "is_on_sale": false,
      "scraped_at": "2025-08-05T17:43:35.220Z",
      "page_number": 10,
      "source_url": "https://www.coles.com.au/browse/down-down?page=10",
      "is_sponsored": null
    },
    {
      "title": "Coles Bakery Dark Fruit Cake | 800g",
      "current_price": 6.5,
      "original_price": null,
      "discount_percentage": null,
      "discount_amount": null,
      "image_url": "https://www.coles.com.au/_next/image?url=https%3A%2F%2Fcdn.productimages.coles.com.au%2Fproductimages%2F7%2F7864744.jpg&w=640&q=90",
      "product_url": "https://www.coles.com.au/product/coles-bakery-dark-fruit-cake-800g-7864744",
      "category": "down-down",
      "brand": null,
      "weight_size": null,
      "per_unit_price": "$0.81 per 100gWas $7.15 on Jul 2025",
      "rating": null,
      "review_count": null,
      "in_stock": true,
      "is_on_sale": false,
      "scraped_at": "2025-08-05T17:43:35.220Z",
      "page_number": 10,
      "source_url": "https://www.coles.com.au/browse/down-down?page=10",
      "is_sponsored": null
    },
    {
      "title": "Atkins Low Carb Endulge Bar Dark Chocolate 5X30G | 150g",
      "current_price": 13.6,
      "original_price": null,
      "discount_percentage": null,
      "discount_amount": null,
      "image_url": "https://www.coles.com.au/_next/image?url=https%3A%2F%2Fcdn.productimages.coles.com.au%2Fproductimages%2F7%2F7870180.jpg&w=640&q=90",
      "product_url": "https://www.coles.com.au/product/atkins-low-carb-endulge-bar-dark-chocolate-5x30g-150g-7870180",
      "category": "down-down",
      "brand": null,
      "weight_size": null,
      "per_unit_price": "$9.07 per 100gWas $17.00 on Jul 2025",
      "rating": null,
      "review_count": null,
      "in_stock": true,
      "is_on_sale": false,
      "scraped_at": "2025-08-05T17:43:35.220Z",
      "page_number": 10,
      "source_url": "https://www.coles.com.au/browse/down-down?page=10",
      "is_sponsored": null
    },
    {
      "title": "Vanish Napisan Oxi Crystal White Fabric Stain Remover Powder | 2kg",
      "current_price": 16.5,
      "original_price": null,
      "discount_percentage": null,
      "discount_amount": null,
      "image_url": "https://www.coles.com.au/_next/image?url=https%3A%2F%2Fcdn.productimages.coles.com.au%2Fproductimages%2F7%2F7888800.jpg&w=640&q=90",
      "product_url": "https://www.coles.com.au/product/vanish-napisan-oxi-crystal-white-fabric-stain-remover-powder-2kg-7888800",
      "category": "down-down",
      "brand": null,
      "weight_size": null,
      "per_unit_price": "$8.25 per 1kgWas $19.00 on May 2025",
      "rating": null,
      "review_count": null,
      "in_stock": true,
      "is_on_sale": false,
      "scraped_at": "2025-08-05T17:43:35.220Z",
      "page_number": 10,
      "source_url": "https://www.coles.com.au/browse/down-down?page=10",
      "is_sponsored": null
    },
    {
      "title": "Mr Muscle Oven Cleaner | 300g",
      "current_price": 6,
      "original_price": null,
      "discount_percentage": null,
      "discount_amount": null,
      "image_url": "https://www.coles.com.au/_next/image?url=https%3A%2F%2Fcdn.productimages.coles.com.au%2Fproductimages%2F7%2F7909820.jpg&w=640&q=90",
      "product_url": "https://www.coles.com.au/product/mr-muscle-oven-cleaner-300g-7909820",
      "category": "down-down",
      "brand": null,
      "weight_size": null,
      "per_unit_price": "$2.00 per 100g",
      "rating": null,
      "review_count": null,
      "in_stock": true,
      "is_on_sale": false,
      "scraped_at": "2025-08-05T17:43:35.220Z",
      "page_number": 10,
      "source_url": "https://www.coles.com.au/browse/down-down?page=10",
      "is_sponsored": null
    },
    {
      "title": "Huggies Ultra Dry Nappy Pants Boys Size 5 (12-17kg) | 13 Pack",
      "current_price": 12,
      "original_price": null,
      "discount_percentage": null,
      "discount_amount": null,
      "image_url": "https://www.coles.com.au/_next/image?url=https%3A%2F%2Fcdn.productimages.coles.com.au%2Fproductimages%2F8%2F8017925.jpg&w=640&q=90",
      "product_url": "https://www.coles.com.au/product/huggies-ultra-dry-nappy-pants-boys-size-5-(12-17kg)-13-pack-8017925",
      "category": "down-down",
      "brand": null,
      "weight_size": null,
      "per_unit_price": "$0.92 per 1eaWas $15.00 on Jun 2025",
      "rating": null,
      "review_count": null,
      "in_stock": true,
      "is_on_sale": false,
      "scraped_at": "2025-08-05T17:43:35.220Z",
      "page_number": 10,
      "source_url": "https://www.coles.com.au/browse/down-down?page=10",
      "is_sponsored": null
    },
    {
      "title": "Huggies Ultra Dry Nappy Pants Boys Size 6 (15kg+) | 12 pack",
      "current_price": 12,
      "original_price": null,
      "discount_percentage": null,
      "discount_amount": null,
      "image_url": "https://www.coles.com.au/_next/image?url=https%3A%2F%2Fcdn.productimages.coles.com.au%2Fproductimages%2F8%2F8017936.jpg&w=640&q=90",
      "product_url": "https://www.coles.com.au/product/huggies-ultra-dry-nappy-pants-boys-size-6-(15kg+)-12-pack-8017936",
      "category": "down-down",
      "brand": null,
      "weight_size": null,
      "per_unit_price": "$1.00 per 1eaWas $15.00 on Jun 2025",
      "rating": null,
      "review_count": null,
      "in_stock": true,
      "is_on_sale": false,
      "scraped_at": "2025-08-05T17:43:35.220Z",
      "page_number": 10,
      "source_url": "https://www.coles.com.au/browse/down-down?page=10",
      "is_sponsored": null
    },
    {
      "title": "Huggies Ultra Dry Nappy Pants Girls Size 4 (9-14kg) | 15 pack",
      "current_price": 12,
      "original_price": null,
      "discount_percentage": null,
      "discount_amount": null,
      "image_url": "https://www.coles.com.au/_next/image?url=https%3A%2F%2Fcdn.productimages.coles.com.au%2Fproductimages%2F8%2F8017947.jpg&w=640&q=90",
      "product_url": "https://www.coles.com.au/product/huggies-ultra-dry-nappy-pants-girls-size-4-(9-14kg)-15-pack-8017947",
      "category": "down-down",
      "brand": null,
      "weight_size": null,
      "per_unit_price": "$0.80 per 1eaWas $15.00 on Jun 2025",
      "rating": null,
      "review_count": null,
      "in_stock": true,
      "is_on_sale": false,
      "scraped_at": "2025-08-05T17:43:35.220Z",
      "page_number": 10,
      "source_url": "https://www.coles.com.au/browse/down-down?page=10",
      "is_sponsored": null
    },
    {
      "title": "Huggies Ultra Dry Nappy Pants Girls Size 5 (12-17kg) | 13 pack",
      "current_price": 12,
      "original_price": null,
      "discount_percentage": null,
      "discount_amount": null,
      "image_url": "https://www.coles.com.au/_next/image?url=https%3A%2F%2Fcdn.productimages.coles.com.au%2Fproductimages%2F8%2F8017958.jpg&w=640&q=90",
      "product_url": "https://www.coles.com.au/product/huggies-ultra-dry-nappy-pants-girls-size-5-(12-17kg)-13-pack-8017958",
      "category": "down-down",
      "brand": null,
      "weight_size": null,
      "per_unit_price": "$0.92 per 1eaWas $15.00 on Jun 2025",
      "rating": null,
      "review_count": null,
      "in_stock": true,
      "is_on_sale": false,
      "scraped_at": "2025-08-05T17:43:35.220Z",
      "page_number": 10,
      "source_url": "https://www.coles.com.au/browse/down-down?page=10",
      "is_sponsored": null
    },
    {
      "title": "Huggies Ultra Dry Nappy Pants Girls Size 6 (15kg+) | 12 pack",
      "current_price": 12,
      "original_price": null,
      "discount_percentage": null,
      "discount_amount": null,
      "image_url": "https://www.coles.com.au/_next/image?url=https%3A%2F%2Fcdn.productimages.coles.com.au%2Fproductimages%2F8%2F8017969.jpg&w=640&q=90",
      "product_url": "https://www.coles.com.au/product/huggies-ultra-dry-nappy-pants-girls-size-6-(15kg+)-12-pack-8017969",
      "category": "down-down",
      "brand": null,
      "weight_size": null,
      "per_unit_price": "$1.00 per 1eaWas $15.00 on Jun 2025",
      "rating": null,
      "review_count": null,
      "in_stock": true,
      "is_on_sale": false,
      "scraped_at": "2025-08-05T17:43:35.220Z",
      "page_number": 10,
      "source_url": "https://www.coles.com.au/browse/down-down?page=10",
      "is_sponsored": null
    },
    {
      "title": "Takis Fuego Tortilla Chips 92.3g | 92.3 GRAM",
      "current_price": 6,
      "original_price": null,
      "discount_percentage": null,
      "discount_amount": null,
      "image_url": "https://www.coles.com.au/_next/image?url=https%3A%2F%2Fcdn.productimages.coles.com.au%2Fproductimages%2F8%2F8020635.jpg&w=640&q=90",
      "product_url": "https://www.coles.com.au/product/takis-fuego-tortilla-chips-92.3g-92.3-gram-8020635",
      "category": "down-down",
      "brand": null,
      "weight_size": null,
      "per_unit_price": "$6.50 per 100gWas $6.50 on Jul 2025",
      "rating": null,
      "review_count": null,
      "in_stock": true,
      "is_on_sale": false,
      "scraped_at": "2025-08-05T17:43:35.220Z",
      "page_number": 10,
      "source_url": "https://www.coles.com.au/browse/down-down?page=10",
      "is_sponsored": null
    },
    {
      "title": "Takis Blue Tortilla Chips 92.3g | 92.3 GRAM",
      "current_price": 6,
      "original_price": null,
      "discount_percentage": null,
      "discount_amount": null,
      "image_url": "https://www.coles.com.au/_next/image?url=https%3A%2F%2Fcdn.productimages.coles.com.au%2Fproductimages%2F8%2F8030617.jpg&w=640&q=90",
      "product_url": "https://www.coles.com.au/product/takis-blue-tortilla-chips-92.3g-92.3-gram-8030617",
      "category": "down-down",
      "brand": null,
      "weight_size": null,
      "per_unit_price": "$6.50 per 100gWas $6.50 on Jul 2025",
      "rating": null,
      "review_count": null,
      "in_stock": true,
      "is_on_sale": false,
      "scraped_at": "2025-08-05T17:43:35.220Z",
      "page_number": 10,
      "source_url": "https://www.coles.com.au/browse/down-down?page=10",
      "is_sponsored": null
    },
    {
      "title": "Batiste Active Dry Shampoo | 200mL",
      "current_price": 10,
      "original_price": null,
      "discount_percentage": null,
      "discount_amount": null,
      "image_url": "https://www.coles.com.au/_next/image?url=https%3A%2F%2Fcdn.productimages.coles.com.au%2Fproductimages%2F8%2F8053612.jpg&w=640&q=90",
      "product_url": "https://www.coles.com.au/product/batiste-active-dry-shampoo-200ml-8053612",
      "category": "down-down",
      "brand": null,
      "weight_size": null,
      "per_unit_price": "$5.00 per 100mLWas $14.00 on Jun 2025",
      "rating": null,
      "review_count": null,
      "in_stock": true,
      "is_on_sale": false,
      "scraped_at": "2025-08-05T17:43:35.220Z",
      "page_number": 10,
      "source_url": "https://www.coles.com.au/browse/down-down?page=10",
      "is_sponsored": null
    },
    {
      "title": "Batiste Fresh Dry Shampoo | 200mL",
      "current_price": 10,
      "original_price": null,
      "discount_percentage": null,
      "discount_amount": null,
      "image_url": "https://www.coles.com.au/_next/image?url=https%3A%2F%2Fcdn.productimages.coles.com.au%2Fproductimages%2F8%2F8053623.jpg&w=640&q=90",
      "product_url": "https://www.coles.com.au/product/batiste-fresh-dry-shampoo-200ml-8053623",
      "category": "down-down",
      "brand": null,
      "weight_size": null,
      "per_unit_price": "$5.00 per 100mLWas $14.00 on Jun 2025",
      "rating": null,
      "review_count": null,
      "in_stock": true,
      "is_on_sale": false,
      "scraped_at": "2025-08-05T17:43:35.220Z",
      "page_number": 10,
      "source_url": "https://www.coles.com.au/browse/down-down?page=10",
      "is_sponsored": null
    },
    {
      "title": "Sorbent 2 Ply Extra Thick & Large Facial Tissues | 95 Pack",
      "current_price": 1.9,
      "original_price": null,
      "discount_percentage": null,
      "discount_amount": null,
      "image_url": "https://www.coles.com.au/_next/image?url=https%3A%2F%2Fcdn.productimages.coles.com.au%2Fproductimages%2F8%2F8065804.jpg&w=640&q=90",
      "product_url": "https://www.coles.com.au/product/sorbent-2-ply-extra-thick-and-large-facial-tissues-95-pack-8065804",
      "category": "down-down",
      "brand": null,
      "weight_size": null,
      "per_unit_price": "$2.00 per 100eaWas $2.20 on Jul 2025",
      "rating": null,
      "review_count": null,
      "in_stock": true,
      "is_on_sale": false,
      "scraped_at": "2025-08-05T17:43:35.220Z",
      "page_number": 10,
      "source_url": "https://www.coles.com.au/browse/down-down?page=10",
      "is_sponsored": null
    },
    {
      "title": "Glad Snap Lock Sandwich Bags Large | 30 pack",
      "current_price": 3.15,
      "original_price": null,
      "discount_percentage": null,
      "discount_amount": null,
      "image_url": "https://www.coles.com.au/_next/image?url=https%3A%2F%2Fcdn.productimages.coles.com.au%2Fproductimages%2F8%2F8117533.jpg&w=640&q=90",
      "product_url": "https://www.coles.com.au/product/glad-snap-lock-sandwich-bags-large-30-pack-8117533",
      "category": "down-down",
      "brand": null,
      "weight_size": null,
      "per_unit_price": "$0.11 per 1eaWas $3.50 on Jul 2025",
      "rating": null,
      "review_count": null,
      "in_stock": true,
      "is_on_sale": false,
      "scraped_at": "2025-08-05T17:43:35.220Z",
      "page_number": 10,
      "source_url": "https://www.coles.com.au/browse/down-down?page=10",
      "is_sponsored": null
    },
    {
      "title": "Black Knight Licorice Medley | 500g",
      "current_price": 7,
      "original_price": null,
      "discount_percentage": null,
      "discount_amount": null,
      "image_url": "https://www.coles.com.au/_next/image?url=https%3A%2F%2Fcdn.productimages.coles.com.au%2Fproductimages%2F8%2F8134598.jpg&w=640&q=90",
      "product_url": "https://www.coles.com.au/product/black-knight-licorice-medley-500g-8134598",
      "category": "down-down",
      "brand": null,
      "weight_size": null,
      "per_unit_price": "$1.40 per 100gWas $10.40 on Jul 2025",
      "rating": null,
      "review_count": null,
      "in_stock": true,
      "is_on_sale": false,
      "scraped_at": "2025-08-05T17:43:35.220Z",
      "page_number": 10,
      "source_url": "https://www.coles.com.au/browse/down-down?page=10",
      "is_sponsored": null
    },
    {
      "title": "Vanish Preen Oxi Action Stain Remover Spray | 500mL",
      "current_price": 7,
      "original_price": null,
      "discount_percentage": null,
      "discount_amount": null,
      "image_url": "https://www.coles.com.au/_next/image?url=https%3A%2F%2Fcdn.productimages.coles.com.au%2Fproductimages%2F8%2F8136323.jpg&w=640&q=90",
      "product_url": "https://www.coles.com.au/product/vanish-preen-oxi-action-stain-remover-spray-500ml-8136323",
      "category": "down-down",
      "brand": null,
      "weight_size": null,
      "per_unit_price": "$14.00 per 1LWas $9.00 on May 2025",
      "rating": null,
      "review_count": null,
      "in_stock": true,
      "is_on_sale": false,
      "scraped_at": "2025-08-05T17:43:35.220Z",
      "page_number": 10,
      "source_url": "https://www.coles.com.au/browse/down-down?page=10",
      "is_sponsored": null
    },
    {
      "title": "TRESemme Ultimate Hold Hairspray Lacquer | 360g",
      "current_price": 7,
      "original_price": null,
      "discount_percentage": null,
      "discount_amount": null,
      "image_url": "https://www.coles.com.au/_next/image?url=https%3A%2F%2Fcdn.productimages.coles.com.au%2Fproductimages%2F8%2F8143522.jpg&w=640&q=90",
      "product_url": "https://www.coles.com.au/product/tresemme-ultimate-hold-hairspray-lacquer-360g-8143522",
      "category": "down-down",
      "brand": null,
      "weight_size": null,
      "per_unit_price": "$1.94 per 100gWas $9.00 on Jun 2025",
      "rating": null,
      "review_count": null,
      "in_stock": true,
      "is_on_sale": false,
      "scraped_at": "2025-08-05T17:43:35.220Z",
      "page_number": 10,
      "source_url": "https://www.coles.com.au/browse/down-down?page=10",
      "is_sponsored": null
    },
    {
      "title": "Tean's Curry Chicken Paste | 200g",
      "current_price": 3,
      "original_price": null,
      "discount_percentage": null,
      "discount_amount": null,
      "image_url": "https://www.coles.com.au/_next/image?url=https%3A%2F%2Fcdn.productimages.coles.com.au%2Fproductimages%2F8%2F8148286.jpg&w=640&q=90",
      "product_url": "https://www.coles.com.au/product/tean's-curry-chicken-paste-200g-8148286",
      "category": "down-down",
      "brand": null,
      "weight_size": null,
      "per_unit_price": "$1.50 per 100gWas $3.45 on Jul 2025",
      "rating": null,
      "review_count": null,
      "in_stock": true,
      "is_on_sale": false,
      "scraped_at": "2025-08-05T17:43:35.220Z",
      "page_number": 10,
      "source_url": "https://www.coles.com.au/browse/down-down?page=10",
      "is_sponsored": null
    },
    {
      "title": "Tean's Curry Laksa Paste | 200g",
      "current_price": 3,
      "original_price": null,
      "discount_percentage": null,
      "discount_amount": null,
      "image_url": "https://www.coles.com.au/_next/image?url=https%3A%2F%2Fcdn.productimages.coles.com.au%2Fproductimages%2F8%2F8148515.jpg&w=640&q=90",
      "product_url": "https://www.coles.com.au/product/tean's-curry-laksa-paste-200g-8148515",
      "category": "down-down",
      "brand": null,
      "weight_size": null,
      "per_unit_price": "$1.50 per 100gWas $3.45 on Jul 2025",
      "rating": null,
      "review_count": null,
      "in_stock": true,
      "is_on_sale": false,
      "scraped_at": "2025-08-05T17:43:35.220Z",
      "page_number": 10,
      "source_url": "https://www.coles.com.au/browse/down-down?page=10",
      "is_sponsored": null
    },
    {
      "title": "Kool N Soothe Migraine Soft Gel Sheets Bonus Pack | 6 pack",
      "current_price": 6.5,
      "original_price": null,
      "discount_percentage": null,
      "discount_amount": null,
      "image_url": "https://www.coles.com.au/_next/image?url=https%3A%2F%2Fcdn.productimages.coles.com.au%2Fproductimages%2F8%2F8154518.jpg&w=640&q=90",
      "product_url": "https://www.coles.com.au/product/kool-n-soothe-migraine-soft-gel-sheets-bonus-pack-6-pack-8154518",
      "category": "down-down",
      "brand": null,
      "weight_size": null,
      "per_unit_price": "$1.08 per 1eaWas $8.00 on Jul 2025",
      "rating": null,
      "review_count": null,
      "in_stock": true,
      "is_on_sale": false,
      "scraped_at": "2025-08-05T17:43:35.220Z",
      "page_number": 10,
      "source_url": "https://www.coles.com.au/browse/down-down?page=10",
      "is_sponsored": null
    },
    {
      "title": "Wakey Wakey Caffeine Liquid Caps | 20 pack",
      "current_price": 5.5,
      "original_price": null,
      "discount_percentage": null,
      "discount_amount": null,
      "image_url": "https://www.coles.com.au/_next/image?url=https%3A%2F%2Fcdn.productimages.coles.com.au%2Fproductimages%2F8%2F8160769.jpg&w=640&q=90",
      "product_url": "https://www.coles.com.au/product/wakey-wakey-caffeine-liquid-caps-20-pack-8160769",
      "category": "down-down",
      "brand": null,
      "weight_size": null,
      "per_unit_price": "$27.50 per 100eaWas $9.90 on Jul 2025",
      "rating": null,
      "review_count": null,
      "in_stock": true,
      "is_on_sale": false,
      "scraped_at": "2025-08-05T17:43:35.220Z",
      "page_number": 10,
      "source_url": "https://www.coles.com.au/browse/down-down?page=10",
      "is_sponsored": null
    },
    {
      "title": "Mccain Garden Peas | 1kg",
      "current_price": 4.8,
      "original_price": null,
      "discount_percentage": null,
      "discount_amount": null,
      "image_url": "https://www.coles.com.au/_next/image?url=https%3A%2F%2Fcdn.productimages.coles.com.au%2Fproductimages%2F8%2F8161535.jpg&w=640&q=90",
      "product_url": "https://www.coles.com.au/product/mccain-garden-peas-1kg-8161535",
      "category": "down-down",
      "brand": null,
      "weight_size": null,
      "per_unit_price": "$4.80 per 1kgWas $6.00 on Jun 2025",
      "rating": null,
      "review_count": null,
      "in_stock": true,
      "is_on_sale": false,
      "scraped_at": "2025-08-05T17:43:35.220Z",
      "page_number": 10,
      "source_url": "https://www.coles.com.au/browse/down-down?page=10",
      "is_sponsored": null
    },
    {
      "title": "Mccain Garden Greens | 500g",
      "current_price": 4,
      "original_price": null,
      "discount_percentage": null,
      "discount_amount": null,
      "image_url": "https://www.coles.com.au/_next/image?url=https%3A%2F%2Fcdn.productimages.coles.com.au%2Fproductimages%2F8%2F8163847.jpg&w=640&q=90",
      "product_url": "https://www.coles.com.au/product/mccain-garden-greens-500g-8163847",
      "category": "down-down",
      "brand": null,
      "weight_size": null,
      "per_unit_price": "$8.00 per 1kgWas $4.50 on Jun 2025",
      "rating": null,
      "review_count": null,
      "in_stock": true,
      "is_on_sale": false,
      "scraped_at": "2025-08-05T17:43:35.220Z",
      "page_number": 10,
      "source_url": "https://www.coles.com.au/browse/down-down?page=10",
      "is_sponsored": null
    },
    {
      "title": "Mccain Super Juicy Corn Kernels | 1kg",
      "current_price": 5.4,
      "original_price": null,
      "discount_percentage": null,
      "discount_amount": null,
      "image_url": "https://www.coles.com.au/_next/image?url=https%3A%2F%2Fcdn.productimages.coles.com.au%2Fproductimages%2F8%2F8165241.jpg&w=640&q=90",
      "product_url": "https://www.coles.com.au/product/mccain-super-juicy-corn-kernels-1kg-8165241",
      "category": "down-down",
      "brand": null,
      "weight_size": null,
      "per_unit_price": "$5.40 per 1kgWas $6.00 on Jun 2025",
      "rating": null,
      "review_count": null,
      "in_stock": true,
      "is_on_sale": false,
      "scraped_at": "2025-08-05T17:43:35.220Z",
      "page_number": 10,
      "source_url": "https://www.coles.com.au/browse/down-down?page=10",
      "is_sponsored": null
    },
    {
      "title": "HB Belly Me Shot Probiotic + Fat Metabliser | 60ML",
      "current_price": 3,
      "original_price": null,
      "discount_percentage": null,
      "discount_amount": null,
      "image_url": "https://www.coles.com.au/_next/image?url=https%3A%2F%2Fcdn.productimages.coles.com.au%2Fproductimages%2F8%2F8166335.jpg&w=640&q=90",
      "product_url": "https://www.coles.com.au/product/hb-belly-me-shot-probiotic-+-fat-metabliser-60ml-8166335",
      "category": "down-down",
      "brand": null,
      "weight_size": null,
      "per_unit_price": "$5.00 per 1LWas $4.90 on Jul 2025",
      "rating": null,
      "review_count": null,
      "in_stock": true,
      "is_on_sale": false,
      "scraped_at": "2025-08-05T17:43:35.220Z",
      "page_number": 10,
      "source_url": "https://www.coles.com.au/browse/down-down?page=10",
      "is_sponsored": null
    },
    {
      "title": "South Cape Brie | 200g",
      "current_price": 6,
      "original_price": null,
      "discount_percentage": null,
      "discount_amount": null,
      "image_url": "https://www.coles.com.au/_next/image?url=https%3A%2F%2Fcdn.productimages.coles.com.au%2Fproductimages%2F8%2F8166936.jpg&w=640&q=90",
      "product_url": "https://www.coles.com.au/product/south-cape-brie-200g-8166936",
      "category": "down-down",
      "brand": null,
      "weight_size": null,
      "per_unit_price": "$30.00 per 1kgWas $6.80 on May 2025",
      "rating": null,
      "review_count": null,
      "in_stock": true,
      "is_on_sale": false,
      "scraped_at": "2025-08-05T17:43:35.220Z",
      "page_number": 10,
      "source_url": "https://www.coles.com.au/browse/down-down?page=10",
      "is_sponsored": null
    },
    {
      "title": "Wanderlust Ashwagandha | 90mL",
      "current_price": 23,
      "original_price": null,
      "discount_percentage": null,
      "discount_amount": null,
      "image_url": "https://www.coles.com.au/_next/image?url=https%3A%2F%2Fcdn.productimages.coles.com.au%2Fproductimages%2F8%2F8167156.jpg&w=640&q=90",
      "product_url": "https://www.coles.com.au/product/wanderlust-ashwagandha-90ml-8167156",
      "category": "down-down",
      "brand": null,
      "weight_size": null,
      "per_unit_price": "$25.56 per 100mLWas $43.50 on Jun 2025",
      "rating": null,
      "review_count": null,
      "in_stock": true,
      "is_on_sale": false,
      "scraped_at": "2025-08-05T17:43:35.220Z",
      "page_number": 10,
      "source_url": "https://www.coles.com.au/browse/down-down?page=10",
      "is_sponsored": null
    },
    {
      "title": "Wanderlust Barberry | 90ML",
      "current_price": 24,
      "original_price": null,
      "discount_percentage": null,
      "discount_amount": null,
      "image_url": "https://www.coles.com.au/_next/image?url=https%3A%2F%2Fcdn.productimages.coles.com.au%2Fproductimages%2F8%2F8167338.jpg&w=640&q=90",
      "product_url": "https://www.coles.com.au/product/wanderlust-barberry-90ml-8167338",
      "category": "down-down",
      "brand": null,
      "weight_size": null,
      "per_unit_price": "$26.67 per 100mLWas $45.00 on Jun 2025",
      "rating": null,
      "review_count": null,
      "in_stock": true,
      "is_on_sale": false,
      "scraped_at": "2025-08-05T17:43:35.220Z",
      "page_number": 10,
      "source_url": "https://www.coles.com.au/browse/down-down?page=10",
      "is_sponsored": null
    },
    {
      "title": "Wanderlust Milk Thistle | 90mL",
      "current_price": 20,
      "original_price": null,
      "discount_percentage": null,
      "discount_amount": null,
      "image_url": "https://www.coles.com.au/_next/image?url=https%3A%2F%2Fcdn.productimages.coles.com.au%2Fproductimages%2F8%2F8167350.jpg&w=640&q=90",
      "product_url": "https://www.coles.com.au/product/wanderlust-milk-thistle-90ml-8167350",
      "category": "down-down",
      "brand": null,
      "weight_size": null,
      "per_unit_price": "$22.22 per 100mLWas $38.00 on Jun 2025",
      "rating": null,
      "review_count": null,
      "in_stock": true,
      "is_on_sale": false,
      "scraped_at": "2025-08-05T17:43:35.220Z",
      "page_number": 10,
      "source_url": "https://www.coles.com.au/browse/down-down?page=10",
      "is_sponsored": null
    },
    {
      "title": "Poppin Triple Butter Microwave Popcorn | 400g",
      "current_price": 5.3,
      "original_price": null,
      "discount_percentage": null,
      "discount_amount": null,
      "image_url": "https://www.coles.com.au/_next/image?url=https%3A%2F%2Fcdn.productimages.coles.com.au%2Fproductimages%2F8%2F8213796.jpg&w=640&q=90",
      "product_url": "https://www.coles.com.au/product/poppin-triple-butter-microwave-popcorn-400g-8213796",
      "category": "down-down",
      "brand": null,
      "weight_size": null,
      "per_unit_price": "$1.33 per 100gWas $7.00 on Jun 2025",
      "rating": null,
      "review_count": null,
      "in_stock": true,
      "is_on_sale": false,
      "scraped_at": "2025-08-05T17:43:35.220Z",
      "page_number": 10,
      "source_url": "https://www.coles.com.au/browse/down-down?page=10",
      "is_sponsored": null
    },
    {
      "title": "Ambi Pur Air Effects Spray Blossom Breeze | 185g",
      "current_price": 4.5,
      "original_price": null,
      "discount_percentage": null,
      "discount_amount": null,
      "image_url": "https://www.coles.com.au/_next/image?url=https%3A%2F%2Fcdn.productimages.coles.com.au%2Fproductimages%2F8%2F8385576.jpg&w=640&q=90",
      "product_url": "https://www.coles.com.au/product/ambi-pur-air-effects-spray-blossom-breeze-185g-8385576",
      "category": "down-down",
      "brand": null,
      "weight_size": null,
      "per_unit_price": "$2.43 per 100gWas $6.00 on May 2025",
      "rating": null,
      "review_count": null,
      "in_stock": true,
      "is_on_sale": false,
      "scraped_at": "2025-08-05T17:43:35.220Z",
      "page_number": 10,
      "source_url": "https://www.coles.com.au/browse/down-down?page=10",
      "is_sponsored": null
    },
    {
      "title": "Ambi Pur Air Effects Spray Linen & Sky | 185g",
      "current_price": 4.5,
      "original_price": null,
      "discount_percentage": null,
      "discount_amount": null,
      "image_url": "https://www.coles.com.au/_next/image?url=https%3A%2F%2Fcdn.productimages.coles.com.au%2Fproductimages%2F8%2F8386218.jpg&w=640&q=90",
      "product_url": "https://www.coles.com.au/product/ambi-pur-air-effects-spray-linen-and-sky-185g-8386218",
      "category": "down-down",
      "brand": null,
      "weight_size": null,
      "per_unit_price": "$2.43 per 100gWas $6.00 on May 2025",
      "rating": null,
      "review_count": null,
      "in_stock": true,
      "is_on_sale": false,
      "scraped_at": "2025-08-05T17:43:35.220Z",
      "page_number": 10,
      "source_url": "https://www.coles.com.au/browse/down-down?page=10",
      "is_sponsored": null
    },
    {
      "title": "Mum-mum Strawberry Rice Biscuits | 40g",
      "current_price": 2.85,
      "original_price": null,
      "discount_percentage": null,
      "discount_amount": null,
      "image_url": "https://www.coles.com.au/_next/image?url=https%3A%2F%2Fcdn.productimages.coles.com.au%2Fproductimages%2F8%2F8423085.jpg&w=640&q=90",
      "product_url": "https://www.coles.com.au/product/mum-mum-strawberry-rice-biscuits-40g-8423085",
      "category": "down-down",
      "brand": null,
      "weight_size": null,
      "per_unit_price": "$7.13 per 100gWas $3.85 on Jul 2025",
      "rating": null,
      "review_count": null,
      "in_stock": true,
      "is_on_sale": false,
      "scraped_at": "2025-08-05T17:43:35.220Z",
      "page_number": 10,
      "source_url": "https://www.coles.com.au/browse/down-down?page=10",
      "is_sponsored": null
    },
    {
      "title": "Pasta Italia Italian Sausage & Pecorino Ravioli | 400g",
      "current_price": 5,
      "original_price": null,
      "discount_percentage": null,
      "discount_amount": null,
      "image_url": "https://www.coles.com.au/_next/image?url=https%3A%2F%2Fcdn.productimages.coles.com.au%2Fproductimages%2F8%2F8427585.jpg&w=640&q=90",
      "product_url": "https://www.coles.com.au/product/pasta-italia-italian-sausage-and-pecorino-ravioli-400g-8427585",
      "category": "down-down",
      "brand": null,
      "weight_size": null,
      "per_unit_price": "$1.25 per 100gWas $7.00 on Jun 2025",
      "rating": null,
      "review_count": null,
      "in_stock": true,
      "is_on_sale": false,
      "scraped_at": "2025-08-05T17:43:35.220Z",
      "page_number": 10,
      "source_url": "https://www.coles.com.au/browse/down-down?page=10",
      "is_sponsored": null
    },
    {
      "title": "Coles Mum's  Australian Raspberry Jam | 300g",
      "current_price": 3.5,
      "original_price": null,
      "discount_percentage": null,
      "discount_amount": null,
      "image_url": "https://www.coles.com.au/_next/image?url=https%3A%2F%2Fcdn.productimages.coles.com.au%2Fproductimages%2F8%2F8440095.jpg&w=640&q=90",
      "product_url": "https://www.coles.com.au/product/coles-mum's-australian-raspberry-jam-300g-8440095",
      "category": "down-down",
      "brand": null,
      "weight_size": null,
      "per_unit_price": "$1.17 per 100gWas $4.00 on Jun 2025",
      "rating": null,
      "review_count": null,
      "in_stock": true,
      "is_on_sale": false,
      "scraped_at": "2025-08-05T17:43:35.220Z",
      "page_number": 10,
      "source_url": "https://www.coles.com.au/browse/down-down?page=10",
      "is_sponsored": null
    },
    {
      "title": "Coles Mum's Australian Strawberry Jam | 300g",
      "current_price": 3.5,
      "original_price": null,
      "discount_percentage": null,
      "discount_amount": null,
      "image_url": "https://www.coles.com.au/_next/image?url=https%3A%2F%2Fcdn.productimages.coles.com.au%2Fproductimages%2F8%2F8440109.jpg&w=640&q=90",
      "product_url": "https://www.coles.com.au/product/coles-mum's-australian-strawberry-jam-300g-8440109",
      "category": "down-down",
      "brand": null,
      "weight_size": null,
      "per_unit_price": "$1.17 per 100gWas $4.00 on Jun 2025",
      "rating": null,
      "review_count": null,
      "in_stock": true,
      "is_on_sale": false,
      "scraped_at": "2025-08-05T17:43:35.220Z",
      "page_number": 10,
      "source_url": "https://www.coles.com.au/browse/down-down?page=10",
      "is_sponsored": null
    },
    {
      "title": "The Sweetporium Co Passionfruit Pavlova | 1L",
      "current_price": 8,
      "original_price": null,
      "discount_percentage": null,
      "discount_amount": null,
      "image_url": "https://www.coles.com.au/_next/image?url=https%3A%2F%2Fcdn.productimages.coles.com.au%2Fproductimages%2F8%2F8473425.jpg&w=640&q=90",
      "product_url": "https://www.coles.com.au/product/the-sweetporium-co-passionfruit-pavlova-1l-8473425",
      "category": "down-down",
      "brand": null,
      "weight_size": null,
      "per_unit_price": "$0.80 per 100mLWas $10.00 on Jun 2025",
      "rating": null,
      "review_count": null,
      "in_stock": true,
      "is_on_sale": false,
      "scraped_at": "2025-08-05T17:43:35.220Z",
      "page_number": 10,
      "source_url": "https://www.coles.com.au/browse/down-down?page=10",
      "is_sponsored": null
    },
    {
      "title": "The Sweetporium Co Creamy Smores | 1L",
      "current_price": 8,
      "original_price": null,
      "discount_percentage": null,
      "discount_amount": null,
      "image_url": "https://www.coles.com.au/_next/image?url=https%3A%2F%2Fcdn.productimages.coles.com.au%2Fproductimages%2F8%2F8473480.jpg&w=640&q=90",
      "product_url": "https://www.coles.com.au/product/the-sweetporium-co-creamy-smores-1l-8473480",
      "category": "down-down",
      "brand": null,
      "weight_size": null,
      "per_unit_price": "$0.80 per 100mLWas $10.00 on Jun 2025",
      "rating": null,
      "review_count": null,
      "in_stock": true,
      "is_on_sale": false,
      "scraped_at": "2025-08-05T17:43:35.220Z",
      "page_number": 10,
      "source_url": "https://www.coles.com.au/browse/down-down?page=10",
      "is_sponsored": null
    },
    {
      "title": "Coles Bake At Home Baguette 2pk | 280GRAM",
      "current_price": 3,
      "original_price": null,
      "discount_percentage": null,
      "discount_amount": null,
      "image_url": "https://www.coles.com.au/_next/image?url=https%3A%2F%2Fcdn.productimages.coles.com.au%2Fproductimages%2F8%2F8505791.jpg&w=640&q=90",
      "product_url": "https://www.coles.com.au/product/coles-bake-at-home-baguette-2pk-280gram-8505791",
      "category": "down-down",
      "brand": null,
      "weight_size": null,
      "per_unit_price": "$1.07 per 100gWas $4.50 on Jun 2025",
      "rating": null,
      "review_count": null,
      "in_stock": true,
      "is_on_sale": false,
      "scraped_at": "2025-08-05T17:43:35.220Z",
      "page_number": 10,
      "source_url": "https://www.coles.com.au/browse/down-down?page=10",
      "is_sponsored": null
    },
    {
      "title": "Obela Hommus To Go Dip & Crackers High Protein Classic | 125g",
      "current_price": 3.9,
      "original_price": null,
      "discount_percentage": null,
      "discount_amount": null,
      "image_url": "https://www.coles.com.au/_next/image?url=https%3A%2F%2Fcdn.productimages.coles.com.au%2Fproductimages%2F8%2F8544126.jpg&w=640&q=90",
      "product_url": "https://www.coles.com.au/product/obela-hommus-to-go-dip-and-crackers-high-protein-classic-125g-8544126",
      "category": "down-down",
      "brand": null,
      "weight_size": null,
      "per_unit_price": "$3.12 per 100gWas $4.50 on Jun 2025",
      "rating": null,
      "review_count": null,
      "in_stock": true,
      "is_on_sale": false,
      "scraped_at": "2025-08-05T17:43:35.220Z",
      "page_number": 10,
      "source_url": "https://www.coles.com.au/browse/down-down?page=10",
      "is_sponsored": null
    },
    {
      "title": "Atkins Low Carb Endulge Bar Caramel Nut Chew5x34g | 170g",
      "current_price": 13.6,
      "original_price": null,
      "discount_percentage": null,
      "discount_amount": null,
      "image_url": "https://www.coles.com.au/_next/image?url=https%3A%2F%2Fcdn.productimages.coles.com.au%2Fproductimages%2F8%2F8657235.jpg&w=640&q=90",
      "product_url": "https://www.coles.com.au/product/atkins-low-carb-endulge-bar-caramel-nut-chew5x34g-170g-8657235",
      "category": "down-down",
      "brand": null,
      "weight_size": null,
      "per_unit_price": "$8.00 per 100gWas $17.00 on Jul 2025",
      "rating": null,
      "review_count": null,
      "in_stock": true,
      "is_on_sale": false,
      "scraped_at": "2025-08-05T17:43:35.220Z",
      "page_number": 10,
      "source_url": "https://www.coles.com.au/browse/down-down?page=10",
      "is_sponsored": null
    }
  ],
  "summary": {
    "total_products": 58,
    "products_on_sale": 0,
    "products_with_ratings": 0,
    "average_price": 9.135344827586207,
    "price_range": {
      "min": 1.9,
      "max": 25
    }
  }
}