{
  "extraction_info": {
    "timestamp": "2025-08-05T17:42:39.329Z",
    "page_url": "https://www.coles.com.au/browse/down-down?page=5",
    "category": "down-down",
    "page_number": 5,
    "selector_set_used": "high_confidence",
    "total_products": 56,
    "total_elements_found": 56
  },
  "products": [
    {
      "title": "Always Fresh Olives Black Sliced | 440g",
      "current_price": 5.4,
      "original_price": null,
      "discount_percentage": null,
      "discount_amount": null,
      "image_url": "https://www.coles.com.au/_next/image?url=https%3A%2F%2Fcdn.productimages.coles.com.au%2Fproductimages%2F3%2F3877722.jpg&w=640&q=90",
      "product_url": "https://www.coles.com.au/product/always-fresh-olives-black-sliced-440g-3877722",
      "category": "down-down",
      "brand": null,
      "weight_size": null,
      "per_unit_price": "$12.27 per 1kgWas $6.00 on Jun 2025",
      "rating": null,
      "review_count": null,
      "in_stock": true,
      "is_on_sale": false,
      "scraped_at": "2025-08-05T17:42:39.328Z",
      "page_number": 5,
      "source_url": "https://www.coles.com.au/browse/down-down?page=5",
      "is_sponsored": null
    },
    {
      "title": "Schweppes Soda Water Bottle Classic Mixers | 1.1L",
      "current_price": 2,
      "original_price": null,
      "discount_percentage": null,
      "discount_amount": null,
      "image_url": "https://www.coles.com.au/_next/image?url=https%3A%2F%2Fcdn.productimages.coles.com.au%2Fproductimages%2F3%2F3014770.jpg&w=640&q=90",
      "product_url": "https://www.coles.com.au/product/schweppes-soda-water-bottle-classic-mixers-1.1l-3014770",
      "category": "down-down",
      "brand": null,
      "weight_size": null,
      "per_unit_price": "$1.82 per 1LWas $3.00 on Jun 2025",
      "rating": null,
      "review_count": null,
      "in_stock": true,
      "is_on_sale": false,
      "scraped_at": "2025-08-05T17:42:39.328Z",
      "page_number": 5,
      "source_url": "https://www.coles.com.au/browse/down-down?page=5",
      "is_sponsored": true
    },
    {
      "title": "Minor Figures Barista Oat Milk | 1L",
      "current_price": 3.7,
      "original_price": null,
      "discount_percentage": null,
      "discount_amount": null,
      "image_url": "https://www.coles.com.au/_next/image?url=https%3A%2F%2Fcdn.productimages.coles.com.au%2Fproductimages%2F4%2F4309124.jpg&w=640&q=90",
      "product_url": "https://www.coles.com.au/product/minor-figures-barista-oat-milk-1l-4309124",
      "category": "down-down",
      "brand": null,
      "weight_size": null,
      "per_unit_price": "$3.70 per 1LWas $4.40 on Jul 2025",
      "rating": null,
      "review_count": null,
      "in_stock": true,
      "is_on_sale": false,
      "scraped_at": "2025-08-05T17:42:39.328Z",
      "page_number": 5,
      "source_url": "https://www.coles.com.au/browse/down-down?page=5",
      "is_sponsored": true
    },
    {
      "title": "Bellamy's Organic Cereal Vanilla Rice Custard | 125g",
      "current_price": 3.95,
      "original_price": null,
      "discount_percentage": null,
      "discount_amount": null,
      "image_url": "https://www.coles.com.au/_next/image?url=https%3A%2F%2Fcdn.productimages.coles.com.au%2Fproductimages%2F2%2F2131553.jpg&w=640&q=90",
      "product_url": "https://www.coles.com.au/product/bellamy's-organic-cereal-vanilla-rice-custard-125g-2131553",
      "category": "down-down",
      "brand": null,
      "weight_size": null,
      "per_unit_price": "$3.16 per 100gWas $4.40 on May 2025",
      "rating": null,
      "review_count": null,
      "in_stock": true,
      "is_on_sale": false,
      "scraped_at": "2025-08-05T17:42:39.328Z",
      "page_number": 5,
      "source_url": "https://www.coles.com.au/browse/down-down?page=5",
      "is_sponsored": true
    },
    {
      "title": "Schweppes Zero Sugar Classic Mixers Indian Tonic Water Bottle | 1.1L",
      "current_price": 2,
      "original_price": null,
      "discount_percentage": null,
      "discount_amount": null,
      "image_url": "https://www.coles.com.au/_next/image?url=https%3A%2F%2Fcdn.productimages.coles.com.au%2Fproductimages%2F3%2F3014828.jpg&w=640&q=90",
      "product_url": "https://www.coles.com.au/product/schweppes-zero-sugar-classic-mixers-indian-tonic-water-bottle-1.1l-3014828",
      "category": "down-down",
      "brand": null,
      "weight_size": null,
      "per_unit_price": "$1.82 per 1LWas $3.00 on Jun 2025",
      "rating": null,
      "review_count": null,
      "in_stock": true,
      "is_on_sale": false,
      "scraped_at": "2025-08-05T17:42:39.328Z",
      "page_number": 5,
      "source_url": "https://www.coles.com.au/browse/down-down?page=5",
      "is_sponsored": true
    },
    {
      "title": "Sun Harvest Lime Juice | 200mL",
      "current_price": 3,
      "original_price": null,
      "discount_percentage": null,
      "discount_amount": null,
      "image_url": "https://www.coles.com.au/_next/image?url=https%3A%2F%2Fcdn.productimages.coles.com.au%2Fproductimages%2F4%2F4295755.jpg&w=640&q=90",
      "product_url": "https://www.coles.com.au/product/sun-harvest-lime-juice-200ml-4295755",
      "category": "down-down",
      "brand": null,
      "weight_size": null,
      "per_unit_price": "$1.50 per 100mLWas $4.00 on Aug 2025",
      "rating": null,
      "review_count": null,
      "in_stock": true,
      "is_on_sale": false,
      "scraped_at": "2025-08-05T17:42:39.328Z",
      "page_number": 5,
      "source_url": "https://www.coles.com.au/browse/down-down?page=5",
      "is_sponsored": true
    },
    {
      "title": "Aveeno Baby Daily Moisturising Fragrance Free Sensitive Moisturi ... 532mL",
      "current_price": 18,
      "original_price": null,
      "discount_percentage": null,
      "discount_amount": null,
      "image_url": "https://www.coles.com.au/_next/image?url=https%3A%2F%2Fcdn.productimages.coles.com.au%2Fproductimages%2F3%2F3778006.jpg&w=640&q=90",
      "product_url": "https://www.coles.com.au/product/aveeno-baby-daily-moisturising-fragrance-free-sensitive-moisturising-lotion-532ml-3778006",
      "category": "down-down",
      "brand": null,
      "weight_size": null,
      "per_unit_price": "$3.38 per 100mLWas $20.00 on Jul 2025",
      "rating": null,
      "review_count": null,
      "in_stock": true,
      "is_on_sale": false,
      "scraped_at": "2025-08-05T17:42:39.329Z",
      "page_number": 5,
      "source_url": "https://www.coles.com.au/browse/down-down?page=5",
      "is_sponsored": true
    },
    {
      "title": "Batiste Tropical Dry Shampoo | 350mL",
      "current_price": 15,
      "original_price": null,
      "discount_percentage": null,
      "discount_amount": null,
      "image_url": "https://www.coles.com.au/_next/image?url=https%3A%2F%2Fcdn.productimages.coles.com.au%2Fproductimages%2F4%2F4253846.jpg&w=640&q=90",
      "product_url": "https://www.coles.com.au/product/batiste-tropical-dry-shampoo-350ml-4253846",
      "category": "down-down",
      "brand": null,
      "weight_size": null,
      "per_unit_price": "$4.29 per 100mLWas $19.00 on Jun 2025",
      "rating": null,
      "review_count": null,
      "in_stock": true,
      "is_on_sale": false,
      "scraped_at": "2025-08-05T17:42:39.329Z",
      "page_number": 5,
      "source_url": "https://www.coles.com.au/browse/down-down?page=5",
      "is_sponsored": true
    },
    {
      "title": "Bulldog Original Face Wash Skincare For Men | 150mL",
      "current_price": 9.5,
      "original_price": null,
      "discount_percentage": null,
      "discount_amount": null,
      "image_url": "https://www.coles.com.au/_next/image?url=https%3A%2F%2Fcdn.productimages.coles.com.au%2Fproductimages%2F3%2F3365833.jpg&w=640&q=90",
      "product_url": "https://www.coles.com.au/product/bulldog-original-face-wash-skincare-for-men-150ml-3365833",
      "category": "down-down",
      "brand": null,
      "weight_size": null,
      "per_unit_price": "$6.33 per 100mLWas $15.00 on Jun 2025",
      "rating": null,
      "review_count": null,
      "in_stock": true,
      "is_on_sale": false,
      "scraped_at": "2025-08-05T17:42:39.329Z",
      "page_number": 5,
      "source_url": "https://www.coles.com.au/browse/down-down?page=5",
      "is_sponsored": true
    },
    {
      "title": "Batiste Medium Brunette Dry Shampoo | 200mL",
      "current_price": 10,
      "original_price": null,
      "discount_percentage": null,
      "discount_amount": null,
      "image_url": "https://www.coles.com.au/_next/image?url=https%3A%2F%2Fcdn.productimages.coles.com.au%2Fproductimages%2F1%2F1256826.jpg&w=640&q=90",
      "product_url": "https://www.coles.com.au/product/batiste-medium-brunette-dry-shampoo-200ml-1256826",
      "category": "down-down",
      "brand": null,
      "weight_size": null,
      "per_unit_price": "$5.00 per 100mLWas $14.00 on Jun 2025",
      "rating": null,
      "review_count": null,
      "in_stock": true,
      "is_on_sale": false,
      "scraped_at": "2025-08-05T17:42:39.329Z",
      "page_number": 5,
      "source_url": "https://www.coles.com.au/browse/down-down?page=5",
      "is_sponsored": true
    },
    {
      "title": "Bulldog Original Face Scrub Skincare For Men | 125mL",
      "current_price": 9.5,
      "original_price": null,
      "discount_percentage": null,
      "discount_amount": null,
      "image_url": "https://www.coles.com.au/_next/image?url=https%3A%2F%2Fcdn.productimages.coles.com.au%2Fproductimages%2F3%2F3365855.jpg&w=640&q=90",
      "product_url": "https://www.coles.com.au/product/bulldog-original-face-scrub-skincare-for-men-125ml-3365855",
      "category": "down-down",
      "brand": null,
      "weight_size": null,
      "per_unit_price": "$7.60 per 100mLWas $15.00 on Jun 2025",
      "rating": null,
      "review_count": null,
      "in_stock": true,
      "is_on_sale": false,
      "scraped_at": "2025-08-05T17:42:39.329Z",
      "page_number": 5,
      "source_url": "https://www.coles.com.au/browse/down-down?page=5",
      "is_sponsored": true
    },
    {
      "title": "Remedy Kombucha Raspberry Lemonade | 750mL",
      "current_price": 5.9,
      "original_price": null,
      "discount_percentage": null,
      "discount_amount": null,
      "image_url": "https://www.coles.com.au/_next/image?url=https%3A%2F%2Fcdn.productimages.coles.com.au%2Fproductimages%2F3%2F3896931.jpg&w=640&q=90",
      "product_url": "https://www.coles.com.au/product/remedy-kombucha-raspberry-lemonade-750ml-3896931",
      "category": "down-down",
      "brand": null,
      "weight_size": null,
      "per_unit_price": "$7.87 per 1LWas $7.50 on May 2025",
      "rating": null,
      "review_count": null,
      "in_stock": true,
      "is_on_sale": false,
      "scraped_at": "2025-08-05T17:42:39.329Z",
      "page_number": 5,
      "source_url": "https://www.coles.com.au/browse/down-down?page=5",
      "is_sponsored": null
    },
    {
      "title": "Remedy Kombucha Mango Passion | 750mL",
      "current_price": 5.9,
      "original_price": null,
      "discount_percentage": null,
      "discount_amount": null,
      "image_url": "https://www.coles.com.au/_next/image?url=https%3A%2F%2Fcdn.productimages.coles.com.au%2Fproductimages%2F3%2F3951348.jpg&w=640&q=90",
      "product_url": "https://www.coles.com.au/product/remedy-kombucha-mango-passion-750ml-3951348",
      "category": "down-down",
      "brand": null,
      "weight_size": null,
      "per_unit_price": "$7.87 per 1LWas $7.50 on May 2025",
      "rating": null,
      "review_count": null,
      "in_stock": true,
      "is_on_sale": false,
      "scraped_at": "2025-08-05T17:42:39.329Z",
      "page_number": 5,
      "source_url": "https://www.coles.com.au/browse/down-down?page=5",
      "is_sponsored": null
    },
    {
      "title": "Remedy Kombucha Wild Berry | 750mL",
      "current_price": 5.9,
      "original_price": null,
      "discount_percentage": null,
      "discount_amount": null,
      "image_url": "https://www.coles.com.au/_next/image?url=https%3A%2F%2Fcdn.productimages.coles.com.au%2Fproductimages%2F3%2F3951359.jpg&w=640&q=90",
      "product_url": "https://www.coles.com.au/product/remedy-kombucha-wild-berry-750ml-3951359",
      "category": "down-down",
      "brand": null,
      "weight_size": null,
      "per_unit_price": "$7.87 per 1LWas $7.50 on May 2025",
      "rating": null,
      "review_count": null,
      "in_stock": true,
      "is_on_sale": false,
      "scraped_at": "2025-08-05T17:42:39.329Z",
      "page_number": 5,
      "source_url": "https://www.coles.com.au/browse/down-down?page=5",
      "is_sponsored": null
    },
    {
      "title": "Summer Snow Sparkling Pink Lady Apple Juice | 750mL",
      "current_price": 4.2,
      "original_price": null,
      "discount_percentage": null,
      "discount_amount": null,
      "image_url": "https://www.coles.com.au/_next/image?url=https%3A%2F%2Fcdn.productimages.coles.com.au%2Fproductimages%2F3%2F3957821.jpg&w=640&q=90",
      "product_url": "https://www.coles.com.au/product/summer-snow-sparkling-pink-lady-apple-juice-750ml-3957821",
      "category": "down-down",
      "brand": null,
      "weight_size": null,
      "per_unit_price": "$5.60 per 1LWas $5.50 on Jul 2025",
      "rating": null,
      "review_count": null,
      "in_stock": true,
      "is_on_sale": false,
      "scraped_at": "2025-08-05T17:42:39.329Z",
      "page_number": 5,
      "source_url": "https://www.coles.com.au/browse/down-down?page=5",
      "is_sponsored": null
    },
    {
      "title": "Summer Snow Sparkling Juice Pink Lady Raspberry | 750mL",
      "current_price": 4.2,
      "original_price": null,
      "discount_percentage": null,
      "discount_amount": null,
      "image_url": "https://www.coles.com.au/_next/image?url=https%3A%2F%2Fcdn.productimages.coles.com.au%2Fproductimages%2F3%2F3957843.jpg&w=640&q=90",
      "product_url": "https://www.coles.com.au/product/summer-snow-sparkling-juice-pink-lady-raspberry-750ml-3957843",
      "category": "down-down",
      "brand": null,
      "weight_size": null,
      "per_unit_price": "$5.60 per 1LWas $5.50 on Jul 2025",
      "rating": null,
      "review_count": null,
      "in_stock": true,
      "is_on_sale": false,
      "scraped_at": "2025-08-05T17:42:39.329Z",
      "page_number": 5,
      "source_url": "https://www.coles.com.au/browse/down-down?page=5",
      "is_sponsored": null
    },
    {
      "title": "Ziploc Medium Resealable Food Storage Freezer Bags | 19 Pack",
      "current_price": 3.5,
      "original_price": null,
      "discount_percentage": null,
      "discount_amount": null,
      "image_url": "https://www.coles.com.au/_next/image?url=https%3A%2F%2Fcdn.productimages.coles.com.au%2Fproductimages%2F3%2F3975594.jpg&w=640&q=90",
      "product_url": "https://www.coles.com.au/product/ziploc-medium-resealable-food-storage-freezer-bags-19-pack-3975594",
      "category": "down-down",
      "brand": null,
      "weight_size": null,
      "per_unit_price": "$0.18 per 1eaWas $4.40 on May 2025",
      "rating": null,
      "review_count": null,
      "in_stock": true,
      "is_on_sale": false,
      "scraped_at": "2025-08-05T17:42:39.329Z",
      "page_number": 5,
      "source_url": "https://www.coles.com.au/browse/down-down?page=5",
      "is_sponsored": null
    },
    {
      "title": "Ziploc Large Resealable Food Storage Freezer Bags | 14 Pack",
      "current_price": 3.5,
      "original_price": null,
      "discount_percentage": null,
      "discount_amount": null,
      "image_url": "https://www.coles.com.au/_next/image?url=https%3A%2F%2Fcdn.productimages.coles.com.au%2Fproductimages%2F3%2F3975608.jpg&w=640&q=90",
      "product_url": "https://www.coles.com.au/product/ziploc-large-resealable-food-storage-freezer-bags-14-pack-3975608",
      "category": "down-down",
      "brand": null,
      "weight_size": null,
      "per_unit_price": "$0.25 per 1eaWas $4.40 on May 2025",
      "rating": null,
      "review_count": null,
      "in_stock": true,
      "is_on_sale": false,
      "scraped_at": "2025-08-05T17:42:39.329Z",
      "page_number": 5,
      "source_url": "https://www.coles.com.au/browse/down-down?page=5",
      "is_sponsored": null
    },
    {
      "title": "KB's Raw Prawn Tail Off | 1kg",
      "current_price": 27,
      "original_price": null,
      "discount_percentage": null,
      "discount_amount": null,
      "image_url": "https://www.coles.com.au/_next/image?url=https%3A%2F%2Fcdn.productimages.coles.com.au%2Fproductimages%2F3%2F3984438.jpg&w=640&q=90",
      "product_url": "https://www.coles.com.au/product/kb's-raw-prawn-tail-off-1kg-3984438",
      "category": "down-down",
      "brand": null,
      "weight_size": null,
      "per_unit_price": "$27.00 per 1kgWas $29.00 on Jun 2025",
      "rating": null,
      "review_count": null,
      "in_stock": true,
      "is_on_sale": false,
      "scraped_at": "2025-08-05T17:42:39.329Z",
      "page_number": 5,
      "source_url": "https://www.coles.com.au/browse/down-down?page=5",
      "is_sponsored": null
    },
    {
      "title": "Kb's Basa Fillets | 1kg",
      "current_price": 8,
      "original_price": null,
      "discount_percentage": null,
      "discount_amount": null,
      "image_url": "https://www.coles.com.au/_next/image?url=https%3A%2F%2Fcdn.productimages.coles.com.au%2Fproductimages%2F3%2F3984460.jpg&w=640&q=90",
      "product_url": "https://www.coles.com.au/product/kb's-basa-fillets-1kg-3984460",
      "category": "down-down",
      "brand": null,
      "weight_size": null,
      "per_unit_price": "$8.00 per 1kgWas $9.00 on Jun 2025",
      "rating": null,
      "review_count": null,
      "in_stock": true,
      "is_on_sale": false,
      "scraped_at": "2025-08-05T17:42:39.329Z",
      "page_number": 5,
      "source_url": "https://www.coles.com.au/browse/down-down?page=5",
      "is_sponsored": null
    },
    {
      "title": "Queen Victoria English Breakfast Tea Bags | 100 pack",
      "current_price": 6.5,
      "original_price": null,
      "discount_percentage": null,
      "discount_amount": null,
      "image_url": "https://www.coles.com.au/_next/image?url=https%3A%2F%2Fcdn.productimages.coles.com.au%2Fproductimages%2F3%2F3984755.jpg&w=640&q=90",
      "product_url": "https://www.coles.com.au/product/queen-victoria-english-breakfast-tea-bags-100-pack-3984755",
      "category": "down-down",
      "brand": null,
      "weight_size": null,
      "per_unit_price": "$0.07 per 1eaWas $12.00 on Jul 2025",
      "rating": null,
      "review_count": null,
      "in_stock": true,
      "is_on_sale": false,
      "scraped_at": "2025-08-05T17:42:39.329Z",
      "page_number": 5,
      "source_url": "https://www.coles.com.au/browse/down-down?page=5",
      "is_sponsored": null
    },
    {
      "title": "Queen Victoria English Breakfast Extra Strong Tea Bags | 100 pack",
      "current_price": 6.5,
      "original_price": null,
      "discount_percentage": null,
      "discount_amount": null,
      "image_url": "https://www.coles.com.au/_next/image?url=https%3A%2F%2Fcdn.productimages.coles.com.au%2Fproductimages%2F3%2F3984766.jpg&w=640&q=90",
      "product_url": "https://www.coles.com.au/product/queen-victoria-english-breakfast-extra-strong-tea-bags-100-pack-3984766",
      "category": "down-down",
      "brand": null,
      "weight_size": null,
      "per_unit_price": "$0.07 per 1eaWas $12.00 on Jul 2025",
      "rating": null,
      "review_count": null,
      "in_stock": true,
      "is_on_sale": false,
      "scraped_at": "2025-08-05T17:42:39.329Z",
      "page_number": 5,
      "source_url": "https://www.coles.com.au/browse/down-down?page=5",
      "is_sponsored": null
    },
    {
      "title": "Queen Victoria Earl Grey Tea Bags | 100 pack",
      "current_price": 6.5,
      "original_price": null,
      "discount_percentage": null,
      "discount_amount": null,
      "image_url": "https://www.coles.com.au/_next/image?url=https%3A%2F%2Fcdn.productimages.coles.com.au%2Fproductimages%2F3%2F3984777.jpg&w=640&q=90",
      "product_url": "https://www.coles.com.au/product/queen-victoria-earl-grey-tea-bags-100-pack-3984777",
      "category": "down-down",
      "brand": null,
      "weight_size": null,
      "per_unit_price": "$0.07 per 1eaWas $12.00 on Jul 2025",
      "rating": null,
      "review_count": null,
      "in_stock": true,
      "is_on_sale": false,
      "scraped_at": "2025-08-05T17:42:39.329Z",
      "page_number": 5,
      "source_url": "https://www.coles.com.au/browse/down-down?page=5",
      "is_sponsored": null
    },
    {
      "title": "Queen Victoria Peppermint Tea Bags | 100 pack",
      "current_price": 6.5,
      "original_price": null,
      "discount_percentage": null,
      "discount_amount": null,
      "image_url": "https://www.coles.com.au/_next/image?url=https%3A%2F%2Fcdn.productimages.coles.com.au%2Fproductimages%2F3%2F3984799.jpg&w=640&q=90",
      "product_url": "https://www.coles.com.au/product/queen-victoria-peppermint-tea-bags-100-pack-3984799",
      "category": "down-down",
      "brand": null,
      "weight_size": null,
      "per_unit_price": "$0.07 per 1eaWas $12.00 on Jul 2025",
      "rating": null,
      "review_count": null,
      "in_stock": true,
      "is_on_sale": false,
      "scraped_at": "2025-08-05T17:42:39.329Z",
      "page_number": 5,
      "source_url": "https://www.coles.com.au/browse/down-down?page=5",
      "is_sponsored": null
    },
    {
      "title": "Queen Victoria Green Tea Bags | 100 pack",
      "current_price": 6.5,
      "original_price": null,
      "discount_percentage": null,
      "discount_amount": null,
      "image_url": "https://www.coles.com.au/_next/image?url=https%3A%2F%2Fcdn.productimages.coles.com.au%2Fproductimages%2F3%2F3984802.jpg&w=640&q=90",
      "product_url": "https://www.coles.com.au/product/queen-victoria-green-tea-bags-100-pack-3984802",
      "category": "down-down",
      "brand": null,
      "weight_size": null,
      "per_unit_price": "$0.07 per 1eaWas $12.00 on Jul 2025",
      "rating": null,
      "review_count": null,
      "in_stock": true,
      "is_on_sale": false,
      "scraped_at": "2025-08-05T17:42:39.329Z",
      "page_number": 5,
      "source_url": "https://www.coles.com.au/browse/down-down?page=5",
      "is_sponsored": null
    },
    {
      "title": "Queen Victoria Lemon & Ginger Tea Bags | 100 pack",
      "current_price": 6.5,
      "original_price": null,
      "discount_percentage": null,
      "discount_amount": null,
      "image_url": "https://www.coles.com.au/_next/image?url=https%3A%2F%2Fcdn.productimages.coles.com.au%2Fproductimages%2F3%2F3984813.jpg&w=640&q=90",
      "product_url": "https://www.coles.com.au/product/queen-victoria-lemon-and-ginger-tea-bags-100-pack-3984813",
      "category": "down-down",
      "brand": null,
      "weight_size": null,
      "per_unit_price": "$0.07 per 1eaWas $12.00 on Jul 2025",
      "rating": null,
      "review_count": null,
      "in_stock": true,
      "is_on_sale": false,
      "scraped_at": "2025-08-05T17:42:39.329Z",
      "page_number": 5,
      "source_url": "https://www.coles.com.au/browse/down-down?page=5",
      "is_sponsored": null
    },
    {
      "title": "Queen Victoria Vanilla Chai Tea Bags | 100 pack",
      "current_price": 6.5,
      "original_price": null,
      "discount_percentage": null,
      "discount_amount": null,
      "image_url": "https://www.coles.com.au/_next/image?url=https%3A%2F%2Fcdn.productimages.coles.com.au%2Fproductimages%2F3%2F3984824.jpg&w=640&q=90",
      "product_url": "https://www.coles.com.au/product/queen-victoria-vanilla-chai-tea-bags-100-pack-3984824",
      "category": "down-down",
      "brand": null,
      "weight_size": null,
      "per_unit_price": "$0.07 per 1eaWas $12.00 on Jul 2025",
      "rating": null,
      "review_count": null,
      "in_stock": true,
      "is_on_sale": false,
      "scraped_at": "2025-08-05T17:42:39.329Z",
      "page_number": 5,
      "source_url": "https://www.coles.com.au/browse/down-down?page=5",
      "is_sponsored": null
    },
    {
      "title": "Little Bellies Organic Pumpkin And Carrot Soft Corn 10+ Months | 8g",
      "current_price": 1.8,
      "original_price": null,
      "discount_percentage": null,
      "discount_amount": null,
      "image_url": "https://www.coles.com.au/_next/image?url=https%3A%2F%2Fcdn.productimages.coles.com.au%2Fproductimages%2F4%2F4163390.jpg&w=640&q=90",
      "product_url": "https://www.coles.com.au/product/little-bellies-organic-pumpkin-and-carrot-soft-corn-10+-months-8g-4163390",
      "category": "down-down",
      "brand": null,
      "weight_size": null,
      "per_unit_price": "$22.50 per 100gWas $2.00 on May 2025",
      "rating": null,
      "review_count": null,
      "in_stock": true,
      "is_on_sale": false,
      "scraped_at": "2025-08-05T17:42:39.329Z",
      "page_number": 5,
      "source_url": "https://www.coles.com.au/browse/down-down?page=5",
      "is_sponsored": null
    },
    {
      "title": "Little Bellies Veggie Tubes Sweetcorn & Carrot  12m+ | 12g",
      "current_price": 1.8,
      "original_price": null,
      "discount_percentage": null,
      "discount_amount": null,
      "image_url": "https://www.coles.com.au/_next/image?url=https%3A%2F%2Fcdn.productimages.coles.com.au%2Fproductimages%2F4%2F4163437.jpg&w=640&q=90",
      "product_url": "https://www.coles.com.au/product/little-bellies-veggie-tubes-sweetcorn-and-carrot-12m+-12g-4163437",
      "category": "down-down",
      "brand": null,
      "weight_size": null,
      "per_unit_price": "$15.00 per 100gWas $2.00 on May 2025",
      "rating": null,
      "review_count": null,
      "in_stock": true,
      "is_on_sale": false,
      "scraped_at": "2025-08-05T17:42:39.329Z",
      "page_number": 5,
      "source_url": "https://www.coles.com.au/browse/down-down?page=5",
      "is_sponsored": null
    },
    {
      "title": "Coca-Cola Diet Coke Soft Drink Bottle | 2L",
      "current_price": 3.5,
      "original_price": null,
      "discount_percentage": null,
      "discount_amount": null,
      "image_url": "https://www.coles.com.au/_next/image?url=https%3A%2F%2Fcdn.productimages.coles.com.au%2Fproductimages%2F4%2F418503.jpg&w=640&q=90",
      "product_url": "https://www.coles.com.au/product/coca-cola-diet-coke-soft-drink-bottle-2l-418503",
      "category": "down-down",
      "brand": null,
      "weight_size": null,
      "per_unit_price": "$1.75 per 1LWas $4.20 on Jun 2025",
      "rating": null,
      "review_count": null,
      "in_stock": true,
      "is_on_sale": false,
      "scraped_at": "2025-08-05T17:42:39.329Z",
      "page_number": 5,
      "source_url": "https://www.coles.com.au/browse/down-down?page=5",
      "is_sponsored": null
    },
    {
      "title": "Depend Real Fit Night Defence Incontinence Underwear Wome ... 8 Pack",
      "current_price": 15.5,
      "original_price": null,
      "discount_percentage": null,
      "discount_amount": null,
      "image_url": "https://www.coles.com.au/_next/image?url=https%3A%2F%2Fcdn.productimages.coles.com.au%2Fproductimages%2F4%2F4186104.jpg&w=640&q=90",
      "product_url": "https://www.coles.com.au/product/depend-real-fit-night-defence-incontinence-underwear-womens-8-pack-4186104",
      "category": "down-down",
      "brand": null,
      "weight_size": null,
      "per_unit_price": "$1.94 per 1eaWas $17.00 on Jun 2025",
      "rating": null,
      "review_count": null,
      "in_stock": true,
      "is_on_sale": false,
      "scraped_at": "2025-08-05T17:42:39.329Z",
      "page_number": 5,
      "source_url": "https://www.coles.com.au/browse/down-down?page=5",
      "is_sponsored": null
    },
    {
      "title": "Depend Real Fit Night Defence Underwear Men | 8 Pack",
      "current_price": 15.5,
      "original_price": null,
      "discount_percentage": null,
      "discount_amount": null,
      "image_url": "https://www.coles.com.au/_next/image?url=https%3A%2F%2Fcdn.productimages.coles.com.au%2Fproductimages%2F4%2F4186239.jpg&w=640&q=90",
      "product_url": "https://www.coles.com.au/product/depend-real-fit-night-defence-underwear-men-8-pack-4186239",
      "category": "down-down",
      "brand": null,
      "weight_size": null,
      "per_unit_price": "$1.94 per 1eaWas $17.00 on Jun 2025",
      "rating": null,
      "review_count": null,
      "in_stock": true,
      "is_on_sale": false,
      "scraped_at": "2025-08-05T17:42:39.329Z",
      "page_number": 5,
      "source_url": "https://www.coles.com.au/browse/down-down?page=5",
      "is_sponsored": null
    },
    {
      "title": "Panadol Children's Chewable +7 Years Paracetamol | 12 Pack",
      "current_price": 6,
      "original_price": null,
      "discount_percentage": null,
      "discount_amount": null,
      "image_url": "https://www.coles.com.au/_next/image?url=https%3A%2F%2Fcdn.productimages.coles.com.au%2Fproductimages%2F4%2F4198872.jpg&w=640&q=90",
      "product_url": "https://www.coles.com.au/product/panadol-children's-chewable-+7-years-paracetamol-12-pack-4198872",
      "category": "down-down",
      "brand": null,
      "weight_size": null,
      "per_unit_price": "$0.50 per 1eaWas $6.75 on Jun 2025",
      "rating": null,
      "review_count": null,
      "in_stock": true,
      "is_on_sale": false,
      "scraped_at": "2025-08-05T17:42:39.329Z",
      "page_number": 5,
      "source_url": "https://www.coles.com.au/browse/down-down?page=5",
      "is_sponsored": null
    },
    {
      "title": "Knorr Chicken Powder No.28 | 273g",
      "current_price": 8.5,
      "original_price": null,
      "discount_percentage": null,
      "discount_amount": null,
      "image_url": "https://www.coles.com.au/_next/image?url=https%3A%2F%2Fcdn.productimages.coles.com.au%2Fproductimages%2F4%2F4210956.jpg&w=640&q=90",
      "product_url": "https://www.coles.com.au/product/knorr-chicken-powder-no.28-273g-4210956",
      "category": "down-down",
      "brand": null,
      "weight_size": null,
      "per_unit_price": "$0.31 per 10gWas $9.50 on Jun 2025",
      "rating": null,
      "review_count": null,
      "in_stock": true,
      "is_on_sale": false,
      "scraped_at": "2025-08-05T17:42:39.329Z",
      "page_number": 5,
      "source_url": "https://www.coles.com.au/browse/down-down?page=5",
      "is_sponsored": null
    },
    {
      "title": "Coles Kitchen Rich Beef Pie | 700g",
      "current_price": 10,
      "original_price": null,
      "discount_percentage": null,
      "discount_amount": null,
      "image_url": "https://www.coles.com.au/_next/image?url=https%3A%2F%2Fcdn.productimages.coles.com.au%2Fproductimages%2F4%2F4219350.jpg&w=640&q=90",
      "product_url": "https://www.coles.com.au/product/coles-kitchen-rich-beef-pie-700g-4219350",
      "category": "down-down",
      "brand": null,
      "weight_size": null,
      "per_unit_price": "$1.43 per 100gWas $15.80 on May 2025",
      "rating": null,
      "review_count": null,
      "in_stock": true,
      "is_on_sale": false,
      "scraped_at": "2025-08-05T17:42:39.329Z",
      "page_number": 5,
      "source_url": "https://www.coles.com.au/browse/down-down?page=5",
      "is_sponsored": null
    },
    {
      "title": "Coles Double Choc Muffins 9 Pack | 315g",
      "current_price": 4.5,
      "original_price": null,
      "discount_percentage": null,
      "discount_amount": null,
      "image_url": "https://www.coles.com.au/_next/image?url=https%3A%2F%2Fcdn.productimages.coles.com.au%2Fproductimages%2F4%2F4226606.jpg&w=640&q=90",
      "product_url": "https://www.coles.com.au/product/coles-double-choc-muffins-9-pack-315g-4226606",
      "category": "down-down",
      "brand": null,
      "weight_size": null,
      "per_unit_price": "$1.43 per 100gWas $5.00 on Jul 2025",
      "rating": null,
      "review_count": null,
      "in_stock": true,
      "is_on_sale": false,
      "scraped_at": "2025-08-05T17:42:39.329Z",
      "page_number": 5,
      "source_url": "https://www.coles.com.au/browse/down-down?page=5",
      "is_sponsored": null
    },
    {
      "title": "Coles Corned Silverside | approx. 1.4kg",
      "current_price": 14,
      "original_price": null,
      "discount_percentage": null,
      "discount_amount": null,
      "image_url": "https://www.coles.com.au/_next/image?url=https%3A%2F%2Fcdn.productimages.coles.com.au%2Fproductimages%2F4%2F4251534.jpg&w=640&q=90",
      "product_url": "https://www.coles.com.au/product/coles-corned-silverside-approx.-1.4kg-4251534",
      "category": "down-down",
      "brand": null,
      "weight_size": null,
      "per_unit_price": "$10.00 per 1kgWas $15.40 on Jun 2025",
      "rating": null,
      "review_count": null,
      "in_stock": true,
      "is_on_sale": false,
      "scraped_at": "2025-08-05T17:42:39.329Z",
      "page_number": 5,
      "source_url": "https://www.coles.com.au/browse/down-down?page=5",
      "is_sponsored": null
    },
    {
      "title": "Batiste Beautiful Brunette Dry Shampoo | 350mL",
      "current_price": 15,
      "original_price": null,
      "discount_percentage": null,
      "discount_amount": null,
      "image_url": "https://www.coles.com.au/_next/image?url=https%3A%2F%2Fcdn.productimages.coles.com.au%2Fproductimages%2F4%2F4253788.jpg&w=640&q=90",
      "product_url": "https://www.coles.com.au/product/batiste-beautiful-brunette-dry-shampoo-350ml-4253788",
      "category": "down-down",
      "brand": null,
      "weight_size": null,
      "per_unit_price": "$4.29 per 100mLWas $19.00 on Jun 2025",
      "rating": null,
      "review_count": null,
      "in_stock": true,
      "is_on_sale": false,
      "scraped_at": "2025-08-05T17:42:39.329Z",
      "page_number": 5,
      "source_url": "https://www.coles.com.au/browse/down-down?page=5",
      "is_sponsored": null
    },
    {
      "title": "Batiste Blush Dry Shampoo | 350mL",
      "current_price": 15,
      "original_price": null,
      "discount_percentage": null,
      "discount_amount": null,
      "image_url": "https://www.coles.com.au/_next/image?url=https%3A%2F%2Fcdn.productimages.coles.com.au%2Fproductimages%2F4%2F4253799.jpg&w=640&q=90",
      "product_url": "https://www.coles.com.au/product/batiste-blush-dry-shampoo-350ml-4253799",
      "category": "down-down",
      "brand": null,
      "weight_size": null,
      "per_unit_price": "$4.29 per 100mLWas $19.00 on Jun 2025",
      "rating": null,
      "review_count": null,
      "in_stock": true,
      "is_on_sale": false,
      "scraped_at": "2025-08-05T17:42:39.329Z",
      "page_number": 5,
      "source_url": "https://www.coles.com.au/browse/down-down?page=5",
      "is_sponsored": null
    },
    {
      "title": "Batiste Original Dry Shampoo | 350mL",
      "current_price": 15,
      "original_price": null,
      "discount_percentage": null,
      "discount_amount": null,
      "image_url": "https://www.coles.com.au/_next/image?url=https%3A%2F%2Fcdn.productimages.coles.com.au%2Fproductimages%2F4%2F4253824.jpg&w=640&q=90",
      "product_url": "https://www.coles.com.au/product/batiste-original-dry-shampoo-350ml-4253824",
      "category": "down-down",
      "brand": null,
      "weight_size": null,
      "per_unit_price": "$4.29 per 100mLWas $19.00 on Jun 2025",
      "rating": null,
      "review_count": null,
      "in_stock": true,
      "is_on_sale": false,
      "scraped_at": "2025-08-05T17:42:39.329Z",
      "page_number": 5,
      "source_url": "https://www.coles.com.au/browse/down-down?page=5",
      "is_sponsored": null
    },
    {
      "title": "Coles Apple & Cinnamon Muffins 4 Pack | 420g",
      "current_price": 4.5,
      "original_price": null,
      "discount_percentage": null,
      "discount_amount": null,
      "image_url": "https://www.coles.com.au/_next/image?url=https%3A%2F%2Fcdn.productimages.coles.com.au%2Fproductimages%2F4%2F4261538.jpg&w=640&q=90",
      "product_url": "https://www.coles.com.au/product/coles-apple-and-cinnamon-muffins-4-pack-420g-4261538",
      "category": "down-down",
      "brand": null,
      "weight_size": null,
      "per_unit_price": "$1.07 per 100gWas $4.90 on Jul 2025",
      "rating": null,
      "review_count": null,
      "in_stock": true,
      "is_on_sale": false,
      "scraped_at": "2025-08-05T17:42:39.329Z",
      "page_number": 5,
      "source_url": "https://www.coles.com.au/browse/down-down?page=5",
      "is_sponsored": null
    },
    {
      "title": "Atkins Low Carb Endulge Chocolate Coated Almonds 5x30g | 150g",
      "current_price": 13.6,
      "original_price": null,
      "discount_percentage": null,
      "discount_amount": null,
      "image_url": "https://www.coles.com.au/_next/image?url=https%3A%2F%2Fcdn.productimages.coles.com.au%2Fproductimages%2F4%2F4270856.jpg&w=640&q=90",
      "product_url": "https://www.coles.com.au/product/atkins-low-carb-endulge-chocolate-coated-almonds-5x30g-150g-4270856",
      "category": "down-down",
      "brand": null,
      "weight_size": null,
      "per_unit_price": "$9.07 per 100gWas $17.00 on Jul 2025",
      "rating": null,
      "review_count": null,
      "in_stock": true,
      "is_on_sale": false,
      "scraped_at": "2025-08-05T17:42:39.329Z",
      "page_number": 5,
      "source_url": "https://www.coles.com.au/browse/down-down?page=5",
      "is_sponsored": null
    },
    {
      "title": "Helios French Nail  Short Beige | 24 pack",
      "current_price": 11,
      "original_price": null,
      "discount_percentage": null,
      "discount_amount": null,
      "image_url": "https://www.coles.com.au/_next/image?url=https%3A%2F%2Fcdn.productimages.coles.com.au%2Fproductimages%2F4%2F4320320.jpg&w=640&q=90",
      "product_url": "https://www.coles.com.au/product/helios-french-nail-short-beige-24-pack-4320320",
      "category": "down-down",
      "brand": null,
      "weight_size": null,
      "per_unit_price": "$0.46 per 1eaWas $13.00 on May 2025",
      "rating": null,
      "review_count": null,
      "in_stock": true,
      "is_on_sale": false,
      "scraped_at": "2025-08-05T17:42:39.329Z",
      "page_number": 5,
      "source_url": "https://www.coles.com.au/browse/down-down?page=5",
      "is_sponsored": null
    },
    {
      "title": "Helios Ultra Hold Nail Glue 2.7mL | 1 pack",
      "current_price": 5,
      "original_price": null,
      "discount_percentage": null,
      "discount_amount": null,
      "image_url": "https://www.coles.com.au/_next/image?url=https%3A%2F%2Fcdn.productimages.coles.com.au%2Fproductimages%2F4%2F4320499.jpg&w=640&q=90",
      "product_url": "https://www.coles.com.au/product/helios-ultra-hold-nail-glue-2.7ml-1-pack-4320499",
      "category": "down-down",
      "brand": null,
      "weight_size": null,
      "per_unit_price": "$18.52 per 10mLWas $6.00 on May 2025",
      "rating": null,
      "review_count": null,
      "in_stock": true,
      "is_on_sale": false,
      "scraped_at": "2025-08-05T17:42:39.329Z",
      "page_number": 5,
      "source_url": "https://www.coles.com.au/browse/down-down?page=5",
      "is_sponsored": null
    },
    {
      "title": "Push Pop Lollipop | 15g",
      "current_price": 1.75,
      "original_price": null,
      "discount_percentage": null,
      "discount_amount": null,
      "image_url": "https://www.coles.com.au/_next/image?url=https%3A%2F%2Fcdn.productimages.coles.com.au%2Fproductimages%2F4%2F4325925.jpg&w=640&q=90",
      "product_url": "https://www.coles.com.au/product/push-pop-lollipop-15g-4325925",
      "category": "down-down",
      "brand": null,
      "weight_size": null,
      "per_unit_price": "$11.67 per 100gWas $2.00 on Jul 2025",
      "rating": null,
      "review_count": null,
      "in_stock": true,
      "is_on_sale": false,
      "scraped_at": "2025-08-05T17:42:39.329Z",
      "page_number": 5,
      "source_url": "https://www.coles.com.au/browse/down-down?page=5",
      "is_sponsored": null
    },
    {
      "title": "Birds Eye Frozen Salmon Cakes With Vegetables & Herbs 6 Pack | 480g",
      "current_price": 7,
      "original_price": null,
      "discount_percentage": null,
      "discount_amount": null,
      "image_url": "https://www.coles.com.au/_next/image?url=https%3A%2F%2Fcdn.productimages.coles.com.au%2Fproductimages%2F4%2F4344963.jpg&w=640&q=90",
      "product_url": "https://www.coles.com.au/product/birds-eye-frozen-salmon-cakes-with-vegetables-and-herbs-6-pack-480g-4344963",
      "category": "down-down",
      "brand": null,
      "weight_size": null,
      "per_unit_price": "$14.58 per 1kgWas $8.00 on Jun 2025",
      "rating": null,
      "review_count": null,
      "in_stock": true,
      "is_on_sale": false,
      "scraped_at": "2025-08-05T17:42:39.329Z",
      "page_number": 5,
      "source_url": "https://www.coles.com.au/browse/down-down?page=5",
      "is_sponsored": null
    },
    {
      "title": "Chobani Greek Yogurt Pouch Mango | 140g",
      "current_price": 2.15,
      "original_price": null,
      "discount_percentage": null,
      "discount_amount": null,
      "image_url": "https://www.coles.com.au/_next/image?url=https%3A%2F%2Fcdn.productimages.coles.com.au%2Fproductimages%2F4%2F4348975.jpg&w=640&q=90",
      "product_url": "https://www.coles.com.au/product/chobani-greek-yogurt-pouch-mango-140g-4348975",
      "category": "down-down",
      "brand": null,
      "weight_size": null,
      "per_unit_price": "$1.54 per 100gWas $2.70 on May 2025",
      "rating": null,
      "review_count": null,
      "in_stock": true,
      "is_on_sale": false,
      "scraped_at": "2025-08-05T17:42:39.329Z",
      "page_number": 5,
      "source_url": "https://www.coles.com.au/browse/down-down?page=5",
      "is_sponsored": null
    },
    {
      "title": "Riverina Fetta Greek Style | 200g",
      "current_price": 4.7,
      "original_price": null,
      "discount_percentage": null,
      "discount_amount": null,
      "image_url": "https://www.coles.com.au/_next/image?url=https%3A%2F%2Fcdn.productimages.coles.com.au%2Fproductimages%2F4%2F4360879.jpg&w=640&q=90",
      "product_url": "https://www.coles.com.au/product/riverina-fetta-greek-style-200g-4360879",
      "category": "down-down",
      "brand": null,
      "weight_size": null,
      "per_unit_price": "$23.50 per 1kgWas $5.30 on Jul 2025",
      "rating": null,
      "review_count": null,
      "in_stock": true,
      "is_on_sale": false,
      "scraped_at": "2025-08-05T17:42:39.329Z",
      "page_number": 5,
      "source_url": "https://www.coles.com.au/browse/down-down?page=5",
      "is_sponsored": null
    },
    {
      "title": "Thomson's Deli Thin Franks | 500g",
      "current_price": 3.3,
      "original_price": null,
      "discount_percentage": null,
      "discount_amount": null,
      "image_url": "https://www.coles.com.au/_next/image?url=https%3A%2F%2Fcdn.productimages.coles.com.au%2Fproductimages%2F4%2F4379855.jpg&w=640&q=90",
      "product_url": "https://www.coles.com.au/product/thomson's-deli-thin-franks-500g-4379855",
      "category": "down-down",
      "brand": null,
      "weight_size": null,
      "per_unit_price": "$6.60 per 1kgWas $4.00 on Jun 2025",
      "rating": null,
      "review_count": null,
      "in_stock": true,
      "is_on_sale": false,
      "scraped_at": "2025-08-05T17:42:39.329Z",
      "page_number": 5,
      "source_url": "https://www.coles.com.au/browse/down-down?page=5",
      "is_sponsored": null
    },
    {
      "title": "Sprite Lemonade Soft Drink Bottle | 2L",
      "current_price": 3.5,
      "original_price": null,
      "discount_percentage": null,
      "discount_amount": null,
      "image_url": "https://www.coles.com.au/_next/image?url=https%3A%2F%2Fcdn.productimages.coles.com.au%2Fproductimages%2F4%2F438894.jpg&w=640&q=90",
      "product_url": "https://www.coles.com.au/product/sprite-lemonade-soft-drink-bottle-2l-438894",
      "category": "down-down",
      "brand": null,
      "weight_size": null,
      "per_unit_price": "$1.75 per 1LWas $3.60 on Jun 2025",
      "rating": null,
      "review_count": null,
      "in_stock": true,
      "is_on_sale": false,
      "scraped_at": "2025-08-05T17:42:39.329Z",
      "page_number": 5,
      "source_url": "https://www.coles.com.au/browse/down-down?page=5",
      "is_sponsored": null
    },
    {
      "title": "Sprite Zero Sugar Lemonade Soft Drink Bottle | 2L",
      "current_price": 3.5,
      "original_price": null,
      "discount_percentage": null,
      "discount_amount": null,
      "image_url": "https://www.coles.com.au/_next/image?url=https%3A%2F%2Fcdn.productimages.coles.com.au%2Fproductimages%2F4%2F4397960.jpg&w=640&q=90",
      "product_url": "https://www.coles.com.au/product/sprite-zero-sugar-lemonade-soft-drink-bottle-2l-4397960",
      "category": "down-down",
      "brand": null,
      "weight_size": null,
      "per_unit_price": "$1.75 per 1LWas $3.60 on Jun 2025",
      "rating": null,
      "review_count": null,
      "in_stock": true,
      "is_on_sale": false,
      "scraped_at": "2025-08-05T17:42:39.329Z",
      "page_number": 5,
      "source_url": "https://www.coles.com.au/browse/down-down?page=5",
      "is_sponsored": null
    },
    {
      "title": "Perfect Italiano Cheese Shaved Parmesan | 125g",
      "current_price": 4,
      "original_price": null,
      "discount_percentage": null,
      "discount_amount": null,
      "image_url": "https://www.coles.com.au/_next/image?url=https%3A%2F%2Fcdn.productimages.coles.com.au%2Fproductimages%2F4%2F4405740.jpg&w=640&q=90",
      "product_url": "https://www.coles.com.au/product/perfect-italiano-cheese-shaved-parmesan-125g-4405740",
      "category": "down-down",
      "brand": null,
      "weight_size": null,
      "per_unit_price": "$32.00 per 1kgWas $4.50 on May 2025",
      "rating": null,
      "review_count": null,
      "in_stock": true,
      "is_on_sale": false,
      "scraped_at": "2025-08-05T17:42:39.329Z",
      "page_number": 5,
      "source_url": "https://www.coles.com.au/browse/down-down?page=5",
      "is_sponsored": null
    },
    {
      "title": "Carmans Oat Slices Belgian Chocolate 5 Pack | 175g",
      "current_price": 5.9,
      "original_price": null,
      "discount_percentage": null,
      "discount_amount": null,
      "image_url": "https://www.coles.com.au/_next/image?url=https%3A%2F%2Fcdn.productimages.coles.com.au%2Fproductimages%2F4%2F4456093.jpg&w=640&q=90",
      "product_url": "https://www.coles.com.au/product/carmans-oat-slices-belgian-chocolate-5-pack-175g-4456093",
      "category": "down-down",
      "brand": null,
      "weight_size": null,
      "per_unit_price": "$3.37 per 100gWas $6.20 on Jul 2025",
      "rating": null,
      "review_count": null,
      "in_stock": true,
      "is_on_sale": false,
      "scraped_at": "2025-08-05T17:42:39.329Z",
      "page_number": 5,
      "source_url": "https://www.coles.com.au/browse/down-down?page=5",
      "is_sponsored": null
    },
    {
      "title": "Carmans Oat Slices Berry 5 Pack | 175g",
      "current_price": 5.9,
      "original_price": null,
      "discount_percentage": null,
      "discount_amount": null,
      "image_url": "https://www.coles.com.au/_next/image?url=https%3A%2F%2Fcdn.productimages.coles.com.au%2Fproductimages%2F4%2F4456107.jpg&w=640&q=90",
      "product_url": "https://www.coles.com.au/product/carmans-oat-slices-berry-5-pack-175g-4456107",
      "category": "down-down",
      "brand": null,
      "weight_size": null,
      "per_unit_price": "$3.37 per 100gWas $6.20 on Jul 2025",
      "rating": null,
      "review_count": null,
      "in_stock": true,
      "is_on_sale": false,
      "scraped_at": "2025-08-05T17:42:39.329Z",
      "page_number": 5,
      "source_url": "https://www.coles.com.au/browse/down-down?page=5",
      "is_sponsored": null
    },
    {
      "title": "Carman's Oat Slices Golden Oat And Coconut 5 Pack | 175g",
      "current_price": 5.9,
      "original_price": null,
      "discount_percentage": null,
      "discount_amount": null,
      "image_url": "https://www.coles.com.au/_next/image?url=https%3A%2F%2Fcdn.productimages.coles.com.au%2Fproductimages%2F4%2F4456118.jpg&w=640&q=90",
      "product_url": "https://www.coles.com.au/product/carman's-oat-slices-golden-oat-and-coconut-5-pack-175g-4456118",
      "category": "down-down",
      "brand": null,
      "weight_size": null,
      "per_unit_price": "$3.37 per 100gWas $6.20 on Jul 2025",
      "rating": null,
      "review_count": null,
      "in_stock": true,
      "is_on_sale": false,
      "scraped_at": "2025-08-05T17:42:39.329Z",
      "page_number": 5,
      "source_url": "https://www.coles.com.au/browse/down-down?page=5",
      "is_sponsored": null
    },
    {
      "title": "Capi All Australian Sparkling Water 750ml | 750mL",
      "current_price": 2.95,
      "original_price": null,
      "discount_percentage": null,
      "discount_amount": null,
      "image_url": "https://www.coles.com.au/_next/image?url=https%3A%2F%2Fcdn.productimages.coles.com.au%2Fproductimages%2F4%2F4465651.jpg&w=640&q=90",
      "product_url": "https://www.coles.com.au/product/capi-all-australian-sparkling-water-750ml-750ml-4465651",
      "category": "down-down",
      "brand": null,
      "weight_size": null,
      "per_unit_price": "$3.93 per 1LWas $3.40 on Jul 2025",
      "rating": null,
      "review_count": null,
      "in_stock": true,
      "is_on_sale": false,
      "scraped_at": "2025-08-05T17:42:39.329Z",
      "page_number": 5,
      "source_url": "https://www.coles.com.au/browse/down-down?page=5",
      "is_sponsored": null
    }
  ],
  "summary": {
    "total_products": 56,
    "products_on_sale": 0,
    "products_with_ratings": 0,
    "average_price": 7.257142857142857,
    "price_range": {
      "min": 1.75,
      "max": 27
    }
  }
}