{
  "extraction_info": {
    "timestamp": "2025-08-05T17:42:20.138Z",
    "page_url": "https://www.coles.com.au/browse/down-down?page=3",
    "category": "down-down",
    "page_number": 3,
    "selector_set_used": "high_confidence",
    "total_products": 57,
    "total_elements_found": 57
  },
  "products": [
    {
      "title": "Sunbites Sea Salt Snack Crackers | 105g",
      "current_price": 2.5,
      "original_price": null,
      "discount_percentage": null,
      "discount_amount": null,
      "image_url": "https://www.coles.com.au/_next/image?url=https%3A%2F%2Fcdn.productimages.coles.com.au%2Fproductimages%2F2%2F2976853.jpg&w=640&q=90",
      "product_url": "https://www.coles.com.au/product/sunbites-sea-salt-snack-crackers-105g-2976853",
      "category": "down-down",
      "brand": null,
      "weight_size": null,
      "per_unit_price": "$2.38 per 100gWas $3.30 on May 2025",
      "rating": 4.7,
      "review_count": 56,
      "in_stock": true,
      "is_on_sale": false,
      "scraped_at": "2025-08-05T17:42:20.137Z",
      "page_number": 3,
      "source_url": "https://www.coles.com.au/browse/down-down?page=3",
      "is_sponsored": null
    },
    {
      "title": "Codral Cold & Flu + Mucus Cough Capsules | 16 pack",
      "current_price": 13,
      "original_price": null,
      "discount_percentage": null,
      "discount_amount": null,
      "image_url": "https://www.coles.com.au/_next/image?url=https%3A%2F%2Fcdn.productimages.coles.com.au%2Fproductimages%2F1%2F1216209.jpg&w=640&q=90",
      "product_url": "https://www.coles.com.au/product/codral-cold-and-flu-+-mucus-cough-capsules-16-pack-1216209",
      "category": "down-down",
      "brand": null,
      "weight_size": null,
      "per_unit_price": "$0.81 per 1eaWas $16.50 on Jun 2025",
      "rating": 0,
      "review_count": 0,
      "in_stock": true,
      "is_on_sale": false,
      "scraped_at": "2025-08-05T17:42:20.137Z",
      "page_number": 3,
      "source_url": "https://www.coles.com.au/browse/down-down?page=3",
      "is_sponsored": true
    },
    {
      "title": "Ziploc Medium Resealable Food Storage Freezer Bags | 19 Pack",
      "current_price": 3.5,
      "original_price": null,
      "discount_percentage": null,
      "discount_amount": null,
      "image_url": "https://www.coles.com.au/_next/image?url=https%3A%2F%2Fcdn.productimages.coles.com.au%2Fproductimages%2F3%2F3975594.jpg&w=640&q=90",
      "product_url": "https://www.coles.com.au/product/ziploc-medium-resealable-food-storage-freezer-bags-19-pack-3975594",
      "category": "down-down",
      "brand": null,
      "weight_size": null,
      "per_unit_price": "$0.18 per 1eaWas $4.40 on May 2025",
      "rating": 0,
      "review_count": 0,
      "in_stock": true,
      "is_on_sale": false,
      "scraped_at": "2025-08-05T17:42:20.137Z",
      "page_number": 3,
      "source_url": "https://www.coles.com.au/browse/down-down?page=3",
      "is_sponsored": true
    },
    {
      "title": "Codral Mucus Cough + Cold Liquid Raspberry Flavour | 200mL",
      "current_price": 12.8,
      "original_price": null,
      "discount_percentage": null,
      "discount_amount": null,
      "image_url": "https://www.coles.com.au/_next/image?url=https%3A%2F%2Fcdn.productimages.coles.com.au%2Fproductimages%2F9%2F9132871.jpg&w=640&q=90",
      "product_url": "https://www.coles.com.au/product/codral-mucus-cough-+-cold-liquid-raspberry-flavour-200ml-9132871",
      "category": "down-down",
      "brand": null,
      "weight_size": null,
      "per_unit_price": "$6.40 per 100mLWas $15.50 on Jun 2025",
      "rating": 0,
      "review_count": 0,
      "in_stock": true,
      "is_on_sale": false,
      "scraped_at": "2025-08-05T17:42:20.138Z",
      "page_number": 3,
      "source_url": "https://www.coles.com.au/browse/down-down?page=3",
      "is_sponsored": true
    },
    {
      "title": "Bellamy's Organic Apple & Cinnamon Baby Porridge Cereal Pouch 6+ Mo ... 125g",
      "current_price": 3.95,
      "original_price": null,
      "discount_percentage": null,
      "discount_amount": null,
      "image_url": "https://www.coles.com.au/_next/image?url=https%3A%2F%2Fcdn.productimages.coles.com.au%2Fproductimages%2F6%2F6448799.jpg&w=640&q=90",
      "product_url": "https://www.coles.com.au/product/bellamy's-organic-apple-and-cinnamon-baby-porridge-cereal-pouch-6+-months-125g-6448799",
      "category": "down-down",
      "brand": null,
      "weight_size": null,
      "per_unit_price": "$3.16 per 100gWas $4.40 on May 2025",
      "rating": 5,
      "review_count": 5,
      "in_stock": true,
      "is_on_sale": false,
      "scraped_at": "2025-08-05T17:42:20.138Z",
      "page_number": 3,
      "source_url": "https://www.coles.com.au/browse/down-down?page=3",
      "is_sponsored": true
    },
    {
      "title": "Ziploc Large Resealable Food Storage Freezer Bags | 14 Pack",
      "current_price": 3.5,
      "original_price": null,
      "discount_percentage": null,
      "discount_amount": null,
      "image_url": "https://www.coles.com.au/_next/image?url=https%3A%2F%2Fcdn.productimages.coles.com.au%2Fproductimages%2F3%2F3975608.jpg&w=640&q=90",
      "product_url": "https://www.coles.com.au/product/ziploc-large-resealable-food-storage-freezer-bags-14-pack-3975608",
      "category": "down-down",
      "brand": null,
      "weight_size": null,
      "per_unit_price": "$0.25 per 1eaWas $4.40 on May 2025",
      "rating": 0,
      "review_count": 0,
      "in_stock": true,
      "is_on_sale": false,
      "scraped_at": "2025-08-05T17:42:20.138Z",
      "page_number": 3,
      "source_url": "https://www.coles.com.au/browse/down-down?page=3",
      "is_sponsored": true
    },
    {
      "title": "Carmans Oat Slices Belgian Chocolate 5 Pack | 175g",
      "current_price": 5.9,
      "original_price": null,
      "discount_percentage": null,
      "discount_amount": null,
      "image_url": "https://www.coles.com.au/_next/image?url=https%3A%2F%2Fcdn.productimages.coles.com.au%2Fproductimages%2F4%2F4456093.jpg&w=640&q=90",
      "product_url": "https://www.coles.com.au/product/carmans-oat-slices-belgian-chocolate-5-pack-175g-4456093",
      "category": "down-down",
      "brand": null,
      "weight_size": null,
      "per_unit_price": "$3.37 per 100gWas $6.20 on Jul 2025",
      "rating": 0,
      "review_count": 0,
      "in_stock": true,
      "is_on_sale": false,
      "scraped_at": "2025-08-05T17:42:20.138Z",
      "page_number": 3,
      "source_url": "https://www.coles.com.au/browse/down-down?page=3",
      "is_sponsored": true
    },
    {
      "title": "Libra Goodnights Ultra Thin Value Pack Pads | 20 pack",
      "current_price": 8,
      "original_price": null,
      "discount_percentage": null,
      "discount_amount": null,
      "image_url": "https://www.coles.com.au/_next/image?url=https%3A%2F%2Fcdn.productimages.coles.com.au%2Fproductimages%2F9%2F9622021.jpg&w=640&q=90",
      "product_url": "https://www.coles.com.au/product/libra-goodnights-ultra-thin-value-pack-pads-20-pack-9622021",
      "category": "down-down",
      "brand": null,
      "weight_size": null,
      "per_unit_price": "$0.40 per 1eaWas $10.00 on Jun 2025",
      "rating": 0,
      "review_count": 0,
      "in_stock": true,
      "is_on_sale": false,
      "scraped_at": "2025-08-05T17:42:20.138Z",
      "page_number": 3,
      "source_url": "https://www.coles.com.au/browse/down-down?page=3",
      "is_sponsored": true
    },
    {
      "title": "Cornish Sea Salt Crystals | 225g",
      "current_price": 7,
      "original_price": null,
      "discount_percentage": null,
      "discount_amount": null,
      "image_url": "https://www.coles.com.au/_next/image?url=https%3A%2F%2Fcdn.productimages.coles.com.au%2Fproductimages%2F9%2F9964568.jpg&w=640&q=90",
      "product_url": "https://www.coles.com.au/product/cornish-sea-salt-crystals-225g-9964568",
      "category": "down-down",
      "brand": null,
      "weight_size": null,
      "per_unit_price": "$0.31 per 10gWas $8.80 on Aug 2025",
      "rating": 0,
      "review_count": 0,
      "in_stock": true,
      "is_on_sale": false,
      "scraped_at": "2025-08-05T17:42:20.138Z",
      "page_number": 3,
      "source_url": "https://www.coles.com.au/browse/down-down?page=3",
      "is_sponsored": true
    },
    {
      "title": "Youfoodz Fueld Portuguese Chicken & Rice | 430g",
      "current_price": 10.8,
      "original_price": null,
      "discount_percentage": null,
      "discount_amount": null,
      "image_url": "https://www.coles.com.au/_next/image?url=https%3A%2F%2Fcdn.productimages.coles.com.au%2Fproductimages%2F4%2F4687325.jpg&w=640&q=90",
      "product_url": "https://www.coles.com.au/product/youfoodz-fueld-portuguese-chicken-and-rice-430g-4687325",
      "category": "down-down",
      "brand": null,
      "weight_size": null,
      "per_unit_price": "$2.51 per 100gWas $12.00 on Jun 2025",
      "rating": 0,
      "review_count": 0,
      "in_stock": true,
      "is_on_sale": false,
      "scraped_at": "2025-08-05T17:42:20.138Z",
      "page_number": 3,
      "source_url": "https://www.coles.com.au/browse/down-down?page=3",
      "is_sponsored": true
    },
    {
      "title": "Schweppes Soda Water Bottle Classic Mixers | 1.1L",
      "current_price": 2,
      "original_price": null,
      "discount_percentage": null,
      "discount_amount": null,
      "image_url": "https://www.coles.com.au/_next/image?url=https%3A%2F%2Fcdn.productimages.coles.com.au%2Fproductimages%2F3%2F3014770.jpg&w=640&q=90",
      "product_url": "https://www.coles.com.au/product/schweppes-soda-water-bottle-classic-mixers-1.1l-3014770",
      "category": "down-down",
      "brand": null,
      "weight_size": null,
      "per_unit_price": "$1.82 per 1LWas $3.00 on Jun 2025",
      "rating": 0,
      "review_count": 0,
      "in_stock": true,
      "is_on_sale": false,
      "scraped_at": "2025-08-05T17:42:20.138Z",
      "page_number": 3,
      "source_url": "https://www.coles.com.au/browse/down-down?page=3",
      "is_sponsored": null
    },
    {
      "title": "Schweppes Zero Sugar Agrum Citrus Blend Soft Drink Bottle | 1.1L",
      "current_price": 2,
      "original_price": null,
      "discount_percentage": null,
      "discount_amount": null,
      "image_url": "https://www.coles.com.au/_next/image?url=https%3A%2F%2Fcdn.productimages.coles.com.au%2Fproductimages%2F3%2F3014781.jpg&w=640&q=90",
      "product_url": "https://www.coles.com.au/product/schweppes-zero-sugar-agrum-citrus-blend-soft-drink-bottle-1.1l-3014781",
      "category": "down-down",
      "brand": null,
      "weight_size": null,
      "per_unit_price": "$1.82 per 1LWas $3.00 on Jun 2025",
      "rating": 0,
      "review_count": 0,
      "in_stock": true,
      "is_on_sale": false,
      "scraped_at": "2025-08-05T17:42:20.138Z",
      "page_number": 3,
      "source_url": "https://www.coles.com.au/browse/down-down?page=3",
      "is_sponsored": null
    },
    {
      "title": "Schweppes Zero Sugar Classic Mixers Dry Ginger Ale Soft Drink Bottle | 1.1L",
      "current_price": 2,
      "original_price": null,
      "discount_percentage": null,
      "discount_amount": null,
      "image_url": "https://www.coles.com.au/_next/image?url=https%3A%2F%2Fcdn.productimages.coles.com.au%2Fproductimages%2F3%2F3014792.jpg&w=640&q=90",
      "product_url": "https://www.coles.com.au/product/schweppes-zero-sugar-classic-mixers-dry-ginger-ale-soft-drink-bottle-1.1l-3014792",
      "category": "down-down",
      "brand": null,
      "weight_size": null,
      "per_unit_price": "$1.82 per 1LWas $3.00 on Jun 2025",
      "rating": 0,
      "review_count": 0,
      "in_stock": true,
      "is_on_sale": false,
      "scraped_at": "2025-08-05T17:42:20.138Z",
      "page_number": 3,
      "source_url": "https://www.coles.com.au/browse/down-down?page=3",
      "is_sponsored": null
    },
    {
      "title": "Schweppes Mixers Tonic Water | 1.1L",
      "current_price": 2,
      "original_price": null,
      "discount_percentage": null,
      "discount_amount": null,
      "image_url": "https://www.coles.com.au/_next/image?url=https%3A%2F%2Fcdn.productimages.coles.com.au%2Fproductimages%2F3%2F3014806.jpg&w=640&q=90",
      "product_url": "https://www.coles.com.au/product/schweppes-mixers-tonic-water-1.1l-3014806",
      "category": "down-down",
      "brand": null,
      "weight_size": null,
      "per_unit_price": "$1.82 per 1LWas $3.00 on Jun 2025",
      "rating": 0,
      "review_count": 0,
      "in_stock": true,
      "is_on_sale": false,
      "scraped_at": "2025-08-05T17:42:20.138Z",
      "page_number": 3,
      "source_url": "https://www.coles.com.au/browse/down-down?page=3",
      "is_sponsored": null
    },
    {
      "title": "Schweppes Dry Ginger Ale Soft Drink Classic Mixers Bottle | 1.1L",
      "current_price": 2,
      "original_price": null,
      "discount_percentage": null,
      "discount_amount": null,
      "image_url": "https://www.coles.com.au/_next/image?url=https%3A%2F%2Fcdn.productimages.coles.com.au%2Fproductimages%2F3%2F3014817.jpg&w=640&q=90",
      "product_url": "https://www.coles.com.au/product/schweppes-dry-ginger-ale-soft-drink-classic-mixers-bottle-1.1l-3014817",
      "category": "down-down",
      "brand": null,
      "weight_size": null,
      "per_unit_price": "$1.82 per 1LWas $3.00 on Jun 2025",
      "rating": 0,
      "review_count": 0,
      "in_stock": true,
      "is_on_sale": false,
      "scraped_at": "2025-08-05T17:42:20.138Z",
      "page_number": 3,
      "source_url": "https://www.coles.com.au/browse/down-down?page=3",
      "is_sponsored": null
    },
    {
      "title": "Schweppes Zero Sugar Classic Mixers Indian Tonic Water Bottle | 1.1L",
      "current_price": 2,
      "original_price": null,
      "discount_percentage": null,
      "discount_amount": null,
      "image_url": "https://www.coles.com.au/_next/image?url=https%3A%2F%2Fcdn.productimages.coles.com.au%2Fproductimages%2F3%2F3014828.jpg&w=640&q=90",
      "product_url": "https://www.coles.com.au/product/schweppes-zero-sugar-classic-mixers-indian-tonic-water-bottle-1.1l-3014828",
      "category": "down-down",
      "brand": null,
      "weight_size": null,
      "per_unit_price": "$1.82 per 1LWas $3.00 on Jun 2025",
      "rating": 0,
      "review_count": 0,
      "in_stock": true,
      "is_on_sale": false,
      "scraped_at": "2025-08-05T17:42:20.138Z",
      "page_number": 3,
      "source_url": "https://www.coles.com.au/browse/down-down?page=3",
      "is_sponsored": null
    },
    {
      "title": "Schweppes Lemon Lime Bitters Soft Drink Classic Mixers Bottle | 1.1L",
      "current_price": 2,
      "original_price": null,
      "discount_percentage": null,
      "discount_amount": null,
      "image_url": "https://www.coles.com.au/_next/image?url=https%3A%2F%2Fcdn.productimages.coles.com.au%2Fproductimages%2F3%2F3014839.jpg&w=640&q=90",
      "product_url": "https://www.coles.com.au/product/schweppes-lemon-lime-bitters-soft-drink-classic-mixers-bottle-1.1l-3014839",
      "category": "down-down",
      "brand": null,
      "weight_size": null,
      "per_unit_price": "$1.82 per 1LWas $3.00 on Jun 2025",
      "rating": 4,
      "review_count": 1,
      "in_stock": true,
      "is_on_sale": false,
      "scraped_at": "2025-08-05T17:42:20.138Z",
      "page_number": 3,
      "source_url": "https://www.coles.com.au/browse/down-down?page=3",
      "is_sponsored": null
    },
    {
      "title": "Schweppes Lime Soda Water With Lime Juice Bottle | 1.1L",
      "current_price": 2,
      "original_price": null,
      "discount_percentage": null,
      "discount_amount": null,
      "image_url": "https://www.coles.com.au/_next/image?url=https%3A%2F%2Fcdn.productimages.coles.com.au%2Fproductimages%2F3%2F3014840.jpg&w=640&q=90",
      "product_url": "https://www.coles.com.au/product/schweppes-lime-soda-water-with-lime-juice-bottle-1.1l-3014840",
      "category": "down-down",
      "brand": null,
      "weight_size": null,
      "per_unit_price": "$1.82 per 1LWas $3.00 on Jun 2025",
      "rating": 0,
      "review_count": 0,
      "in_stock": true,
      "is_on_sale": false,
      "scraped_at": "2025-08-05T17:42:20.138Z",
      "page_number": 3,
      "source_url": "https://www.coles.com.au/browse/down-down?page=3",
      "is_sponsored": null
    },
    {
      "title": "Schweppes Agrum Blood Orange Soft Drink Bottle | 1.1L",
      "current_price": 2,
      "original_price": null,
      "discount_percentage": null,
      "discount_amount": null,
      "image_url": "https://www.coles.com.au/_next/image?url=https%3A%2F%2Fcdn.productimages.coles.com.au%2Fproductimages%2F3%2F3014850.jpg&w=640&q=90",
      "product_url": "https://www.coles.com.au/product/schweppes-agrum-blood-orange-soft-drink-bottle-1.1l-3014850",
      "category": "down-down",
      "brand": null,
      "weight_size": null,
      "per_unit_price": "$1.82 per 1LWas $3.00 on Jun 2025",
      "rating": 0,
      "review_count": 0,
      "in_stock": true,
      "is_on_sale": false,
      "scraped_at": "2025-08-05T17:42:20.138Z",
      "page_number": 3,
      "source_url": "https://www.coles.com.au/browse/down-down?page=3",
      "is_sponsored": null
    },
    {
      "title": "Schweppes Orange Mango Natural Mineral Water Bottle | 1.1L",
      "current_price": 2,
      "original_price": null,
      "discount_percentage": null,
      "discount_amount": null,
      "image_url": "https://www.coles.com.au/_next/image?url=https%3A%2F%2Fcdn.productimages.coles.com.au%2Fproductimages%2F3%2F3014930.jpg&w=640&q=90",
      "product_url": "https://www.coles.com.au/product/schweppes-orange-mango-natural-mineral-water-bottle-1.1l-3014930",
      "category": "down-down",
      "brand": null,
      "weight_size": null,
      "per_unit_price": "$1.82 per 1LWas $3.00 on Jun 2025",
      "rating": 0,
      "review_count": 0,
      "in_stock": true,
      "is_on_sale": false,
      "scraped_at": "2025-08-05T17:42:20.138Z",
      "page_number": 3,
      "source_url": "https://www.coles.com.au/browse/down-down?page=3",
      "is_sponsored": null
    },
    {
      "title": "Schweppes Lemon Lime Natural Mineral Water Bottle | 1.1L",
      "current_price": 2,
      "original_price": null,
      "discount_percentage": null,
      "discount_amount": null,
      "image_url": "https://www.coles.com.au/_next/image?url=https%3A%2F%2Fcdn.productimages.coles.com.au%2Fproductimages%2F3%2F3014952.jpg&w=640&q=90",
      "product_url": "https://www.coles.com.au/product/schweppes-lemon-lime-natural-mineral-water-bottle-1.1l-3014952",
      "category": "down-down",
      "brand": null,
      "weight_size": null,
      "per_unit_price": "$1.82 per 1LWas $3.00 on Jun 2025",
      "rating": 0,
      "review_count": 0,
      "in_stock": true,
      "is_on_sale": false,
      "scraped_at": "2025-08-05T17:42:20.138Z",
      "page_number": 3,
      "source_url": "https://www.coles.com.au/browse/down-down?page=3",
      "is_sponsored": null
    },
    {
      "title": "Coles Finest Sourdough Pane Di Casa With Sesame | 1 pack",
      "current_price": 6.25,
      "original_price": null,
      "discount_percentage": null,
      "discount_amount": null,
      "image_url": "https://www.coles.com.au/_next/image?url=https%3A%2F%2Fcdn.productimages.coles.com.au%2Fproductimages%2F3%2F3018013.jpg&w=640&q=90",
      "product_url": "https://www.coles.com.au/product/coles-finest-sourdough-pane-di-casa-with-sesame-1-pack-3018013",
      "category": "down-down",
      "brand": null,
      "weight_size": null,
      "per_unit_price": "$6.25 per 1eaWas $7.00 on Jun 2025",
      "rating": 0,
      "review_count": 0,
      "in_stock": true,
      "is_on_sale": false,
      "scraped_at": "2025-08-05T17:42:20.138Z",
      "page_number": 3,
      "source_url": "https://www.coles.com.au/browse/down-down?page=3",
      "is_sponsored": null
    },
    {
      "title": "Coles Finest White Sourdough Vienna | 1 Each",
      "current_price": 6.25,
      "original_price": null,
      "discount_percentage": null,
      "discount_amount": null,
      "image_url": "https://www.coles.com.au/_next/image?url=https%3A%2F%2Fcdn.productimages.coles.com.au%2Fproductimages%2F3%2F3018024.jpg&w=640&q=90",
      "product_url": "https://www.coles.com.au/product/coles-finest-white-sourdough-vienna-1-each-3018024",
      "category": "down-down",
      "brand": null,
      "weight_size": null,
      "per_unit_price": "$6.25 per 1eaWas $7.00 on Jun 2025",
      "rating": 0,
      "review_count": 0,
      "in_stock": true,
      "is_on_sale": false,
      "scraped_at": "2025-08-05T17:42:20.138Z",
      "page_number": 3,
      "source_url": "https://www.coles.com.au/browse/down-down?page=3",
      "is_sponsored": null
    },
    {
      "title": "Coles Finest By Laurent Rye Sourdough Vienna | 1 each",
      "current_price": 6.25,
      "original_price": null,
      "discount_percentage": null,
      "discount_amount": null,
      "image_url": "https://www.coles.com.au/_next/image?url=https%3A%2F%2Fcdn.productimages.coles.com.au%2Fproductimages%2F3%2F3018057.jpg&w=640&q=90",
      "product_url": "https://www.coles.com.au/product/coles-finest-by-laurent-rye-sourdough-vienna-1-each-3018057",
      "category": "down-down",
      "brand": null,
      "weight_size": null,
      "per_unit_price": "$6.25 per 1eaWas $7.00 on Jun 2025",
      "rating": 0,
      "review_count": 0,
      "in_stock": true,
      "is_on_sale": false,
      "scraped_at": "2025-08-05T17:42:20.138Z",
      "page_number": 3,
      "source_url": "https://www.coles.com.au/browse/down-down?page=3",
      "is_sponsored": null
    },
    {
      "title": "Little Bellies Baby Puffs Carrot | 12g",
      "current_price": 1.8,
      "original_price": null,
      "discount_percentage": null,
      "discount_amount": null,
      "image_url": "https://www.coles.com.au/_next/image?url=https%3A%2F%2Fcdn.productimages.coles.com.au%2Fproductimages%2F3%2F3018374.jpg&w=640&q=90",
      "product_url": "https://www.coles.com.au/product/little-bellies-baby-puffs-carrot-12g-3018374",
      "category": "down-down",
      "brand": null,
      "weight_size": null,
      "per_unit_price": "$15.00 per 100gWas $2.00 on May 2025",
      "rating": 4.6,
      "review_count": 132,
      "in_stock": true,
      "is_on_sale": false,
      "scraped_at": "2025-08-05T17:42:20.138Z",
      "page_number": 3,
      "source_url": "https://www.coles.com.au/browse/down-down?page=3",
      "is_sponsored": null
    },
    {
      "title": "All Natural Bakery Yoghurt, Peach & Mango Oat Slice | 100g",
      "current_price": 2.9,
      "original_price": null,
      "discount_percentage": null,
      "discount_amount": null,
      "image_url": "https://www.coles.com.au/_next/image?url=https%3A%2F%2Fcdn.productimages.coles.com.au%2Fproductimages%2F3%2F3021029.jpg&w=640&q=90",
      "product_url": "https://www.coles.com.au/product/all-natural-bakery-yoghurt-peach-and-mango-oat-slice-100g-3021029",
      "category": "down-down",
      "brand": null,
      "weight_size": null,
      "per_unit_price": "$2.90 per 100gWas $3.25 on Jul 2025",
      "rating": 0,
      "review_count": 0,
      "in_stock": true,
      "is_on_sale": false,
      "scraped_at": "2025-08-05T17:42:20.138Z",
      "page_number": 3,
      "source_url": "https://www.coles.com.au/browse/down-down?page=3",
      "is_sponsored": null
    },
    {
      "title": "Cracker Barrel Extra Sharp Cheese Block | 500g",
      "current_price": 11,
      "original_price": null,
      "discount_percentage": null,
      "discount_amount": null,
      "image_url": "https://www.coles.com.au/_next/image?url=https%3A%2F%2Fcdn.productimages.coles.com.au%2Fproductimages%2F3%2F3024457.jpg&w=640&q=90",
      "product_url": "https://www.coles.com.au/product/cracker-barrel-extra-sharp-cheese-block-500g-3024457",
      "category": "down-down",
      "brand": null,
      "weight_size": null,
      "per_unit_price": "$22.00 per 1kgWas $13.80 on Jul 2025",
      "rating": 0,
      "review_count": 0,
      "in_stock": true,
      "is_on_sale": false,
      "scraped_at": "2025-08-05T17:42:20.138Z",
      "page_number": 3,
      "source_url": "https://www.coles.com.au/browse/down-down?page=3",
      "is_sponsored": null
    },
    {
      "title": "Coca-Cola Zero Sugar Soft Drink Bottle | 2L",
      "current_price": 3.5,
      "original_price": null,
      "discount_percentage": null,
      "discount_amount": null,
      "image_url": "https://www.coles.com.au/_next/image?url=https%3A%2F%2Fcdn.productimages.coles.com.au%2Fproductimages%2F3%2F3029790.jpg&w=640&q=90",
      "product_url": "https://www.coles.com.au/product/coca-cola-zero-sugar-soft-drink-bottle-2l-3029790",
      "category": "down-down",
      "brand": null,
      "weight_size": null,
      "per_unit_price": "$1.75 per 1LWas $4.20 on Jun 2025",
      "rating": 0,
      "review_count": 0,
      "in_stock": true,
      "is_on_sale": false,
      "scraped_at": "2025-08-05T17:42:20.138Z",
      "page_number": 3,
      "source_url": "https://www.coles.com.au/browse/down-down?page=3",
      "is_sponsored": null
    },
    {
      "title": "Redheads Wrapped Firelighters | 20 pack",
      "current_price": 4.65,
      "original_price": null,
      "discount_percentage": null,
      "discount_amount": null,
      "image_url": "https://www.coles.com.au/_next/image?url=https%3A%2F%2Fcdn.productimages.coles.com.au%2Fproductimages%2F3%2F3030777.jpg&w=640&q=90",
      "product_url": "https://www.coles.com.au/product/redheads-wrapped-firelighters-20-pack-3030777",
      "category": "down-down",
      "brand": null,
      "weight_size": null,
      "per_unit_price": "$0.23 per 1eaWas $5.50 on Jun 2025",
      "rating": 0,
      "review_count": 0,
      "in_stock": true,
      "is_on_sale": false,
      "scraped_at": "2025-08-05T17:42:20.138Z",
      "page_number": 3,
      "source_url": "https://www.coles.com.au/browse/down-down?page=3",
      "is_sponsored": null
    },
    {
      "title": "Sorbent Hypo Allergenic Pure White Facial Tissues | 200 Pack",
      "current_price": 2.2,
      "original_price": null,
      "discount_percentage": null,
      "discount_amount": null,
      "image_url": "https://www.coles.com.au/_next/image?url=https%3A%2F%2Fcdn.productimages.coles.com.au%2Fproductimages%2F3%2F3048310.jpg&w=640&q=90",
      "product_url": "https://www.coles.com.au/product/sorbent-hypo-allergenic-pure-white-facial-tissues-200-pack-3048310",
      "category": "down-down",
      "brand": null,
      "weight_size": null,
      "per_unit_price": "$1.10 per 100eaWas $2.50 on May 2025",
      "rating": 0,
      "review_count": 0,
      "in_stock": true,
      "is_on_sale": false,
      "scraped_at": "2025-08-05T17:42:20.138Z",
      "page_number": 3,
      "source_url": "https://www.coles.com.au/browse/down-down?page=3",
      "is_sponsored": null
    },
    {
      "title": "Quilton Classic White Facial Tissues | 110 pack",
      "current_price": 2.5,
      "original_price": null,
      "discount_percentage": null,
      "discount_amount": null,
      "image_url": "https://www.coles.com.au/_next/image?url=https%3A%2F%2Fcdn.productimages.coles.com.au%2Fproductimages%2F3%2F3055268.jpg&w=640&q=90",
      "product_url": "https://www.coles.com.au/product/quilton-classic-white-facial-tissues-110-pack-3055268",
      "category": "down-down",
      "brand": null,
      "weight_size": null,
      "per_unit_price": "$2.27 per 100ea",
      "rating": 0,
      "review_count": 0,
      "in_stock": true,
      "is_on_sale": false,
      "scraped_at": "2025-08-05T17:42:20.138Z",
      "page_number": 3,
      "source_url": "https://www.coles.com.au/browse/down-down?page=3",
      "is_sponsored": null
    },
    {
      "title": "Quilton 3 Ply Soft & Thick Aloe Vera Facial Tissues | 95 pack",
      "current_price": 2.5,
      "original_price": null,
      "discount_percentage": null,
      "discount_amount": null,
      "image_url": "https://www.coles.com.au/_next/image?url=https%3A%2F%2Fcdn.productimages.coles.com.au%2Fproductimages%2F3%2F3055290.jpg&w=640&q=90",
      "product_url": "https://www.coles.com.au/product/quilton-3-ply-soft-and-thick-aloe-vera-facial-tissues-95-pack-3055290",
      "category": "down-down",
      "brand": null,
      "weight_size": null,
      "per_unit_price": "$2.63 per 100ea",
      "rating": 0,
      "review_count": 0,
      "in_stock": true,
      "is_on_sale": false,
      "scraped_at": "2025-08-05T17:42:20.138Z",
      "page_number": 3,
      "source_url": "https://www.coles.com.au/browse/down-down?page=3",
      "is_sponsored": null
    },
    {
      "title": "Nuttelex Buttery Spread | 500g",
      "current_price": 4.5,
      "original_price": null,
      "discount_percentage": null,
      "discount_amount": null,
      "image_url": "https://www.coles.com.au/_next/image?url=https%3A%2F%2Fcdn.productimages.coles.com.au%2Fproductimages%2F3%2F3056920.jpg&w=640&q=90",
      "product_url": "https://www.coles.com.au/product/nuttelex-buttery-spread-500g-3056920",
      "category": "down-down",
      "brand": null,
      "weight_size": null,
      "per_unit_price": "$0.90 per 100gWas $5.20 on May 2025",
      "rating": 0,
      "review_count": 0,
      "in_stock": true,
      "is_on_sale": false,
      "scraped_at": "2025-08-05T17:42:20.138Z",
      "page_number": 3,
      "source_url": "https://www.coles.com.au/browse/down-down?page=3",
      "is_sponsored": null
    },
    {
      "title": "Chobani Greek Yogurt Pouch Vanilla | 140g",
      "current_price": 2.15,
      "original_price": null,
      "discount_percentage": null,
      "discount_amount": null,
      "image_url": "https://www.coles.com.au/_next/image?url=https%3A%2F%2Fcdn.productimages.coles.com.au%2Fproductimages%2F3%2F3088110.jpg&w=640&q=90",
      "product_url": "https://www.coles.com.au/product/chobani-greek-yogurt-pouch-vanilla-140g-3088110",
      "category": "down-down",
      "brand": null,
      "weight_size": null,
      "per_unit_price": "$1.54 per 100gWas $2.70 on May 2025",
      "rating": 0,
      "review_count": 0,
      "in_stock": true,
      "is_on_sale": false,
      "scraped_at": "2025-08-05T17:42:20.138Z",
      "page_number": 3,
      "source_url": "https://www.coles.com.au/browse/down-down?page=3",
      "is_sponsored": null
    },
    {
      "title": "Atkins Low Carb Endulge Bar Milk Chocolate 5x30g | 150g",
      "current_price": 13.6,
      "original_price": null,
      "discount_percentage": null,
      "discount_amount": null,
      "image_url": "https://www.coles.com.au/_next/image?url=https%3A%2F%2Fcdn.productimages.coles.com.au%2Fproductimages%2F3%2F3128317.jpg&w=640&q=90",
      "product_url": "https://www.coles.com.au/product/atkins-low-carb-endulge-bar-milk-chocolate-5x30g-150g-3128317",
      "category": "down-down",
      "brand": null,
      "weight_size": null,
      "per_unit_price": "$9.07 per 100gWas $17.00 on Jul 2025",
      "rating": 0,
      "review_count": 0,
      "in_stock": true,
      "is_on_sale": false,
      "scraped_at": "2025-08-05T17:42:20.138Z",
      "page_number": 3,
      "source_url": "https://www.coles.com.au/browse/down-down?page=3",
      "is_sponsored": null
    },
    {
      "title": "Prunelax Tablets | 80 pack",
      "current_price": 8.5,
      "original_price": null,
      "discount_percentage": null,
      "discount_amount": null,
      "image_url": "https://www.coles.com.au/_next/image?url=https%3A%2F%2Fcdn.productimages.coles.com.au%2Fproductimages%2F3%2F3162155.jpg&w=640&q=90",
      "product_url": "https://www.coles.com.au/product/prunelax-tablets-80-pack-3162155",
      "category": "down-down",
      "brand": null,
      "weight_size": null,
      "per_unit_price": "$0.11 per 1eaWas $10.35 on Jul 2025",
      "rating": 0,
      "review_count": 0,
      "in_stock": true,
      "is_on_sale": false,
      "scraped_at": "2025-08-05T17:42:20.138Z",
      "page_number": 3,
      "source_url": "https://www.coles.com.au/browse/down-down?page=3",
      "is_sponsored": null
    },
    {
      "title": "San Remo La Pasta Chicken Curry Flavour Pasta & Sauce | 80g",
      "current_price": 1,
      "original_price": null,
      "discount_percentage": null,
      "discount_amount": null,
      "image_url": "https://www.coles.com.au/_next/image?url=https%3A%2F%2Fcdn.productimages.coles.com.au%2Fproductimages%2F3%2F3221505.jpg&w=640&q=90",
      "product_url": "https://www.coles.com.au/product/san-remo-la-pasta-chicken-curry-flavour-pasta-and-sauce-80g-3221505",
      "category": "down-down",
      "brand": null,
      "weight_size": null,
      "per_unit_price": "$1.25 per 100gWas $1.40 on Jun 2025",
      "rating": 0,
      "review_count": 0,
      "in_stock": true,
      "is_on_sale": false,
      "scraped_at": "2025-08-05T17:42:20.138Z",
      "page_number": 3,
      "source_url": "https://www.coles.com.au/browse/down-down?page=3",
      "is_sponsored": null
    },
    {
      "title": "Coles Free Range RSPCA Approved Chicken Drumsticks | approx. 1.4kg",
      "current_price": 7.7,
      "original_price": null,
      "discount_percentage": null,
      "discount_amount": null,
      "image_url": "https://www.coles.com.au/_next/image?url=https%3A%2F%2Fcdn.productimages.coles.com.au%2Fproductimages%2F3%2F3228774.jpg&w=640&q=90",
      "product_url": "https://www.coles.com.au/product/coles-free-range-rspca-approved-chicken-drumsticks-approx.-1.4kg-3228774",
      "category": "down-down",
      "brand": null,
      "weight_size": null,
      "per_unit_price": "$5.50 per 1kgWas $9.10 on Jun 2025",
      "rating": 0,
      "review_count": 0,
      "in_stock": true,
      "is_on_sale": false,
      "scraped_at": "2025-08-05T17:42:20.138Z",
      "page_number": 3,
      "source_url": "https://www.coles.com.au/browse/down-down?page=3",
      "is_sponsored": null
    },
    {
      "title": "Liddells Lactose Free Colby Cheese Slices | 250g",
      "current_price": 6.75,
      "original_price": null,
      "discount_percentage": null,
      "discount_amount": null,
      "image_url": "https://www.coles.com.au/_next/image?url=https%3A%2F%2Fcdn.productimages.coles.com.au%2Fproductimages%2F3%2F3241626.jpg&w=640&q=90",
      "product_url": "https://www.coles.com.au/product/liddells-lactose-free-colby-cheese-slices-250g-3241626",
      "category": "down-down",
      "brand": null,
      "weight_size": null,
      "per_unit_price": "$27.00 per 1kgWas $7.50 on May 2025",
      "rating": 0,
      "review_count": 0,
      "in_stock": true,
      "is_on_sale": false,
      "scraped_at": "2025-08-05T17:42:20.138Z",
      "page_number": 3,
      "source_url": "https://www.coles.com.au/browse/down-down?page=3",
      "is_sponsored": null
    },
    {
      "title": "Hanabi Mukimake Shelled Soybeans | 400g",
      "current_price": 3.6,
      "original_price": null,
      "discount_percentage": null,
      "discount_amount": null,
      "image_url": "https://www.coles.com.au/_next/image?url=https%3A%2F%2Fcdn.productimages.coles.com.au%2Fproductimages%2F3%2F3243439.jpg&w=640&q=90",
      "product_url": "https://www.coles.com.au/product/hanabi-mukimake-shelled-soybeans-400g-3243439",
      "category": "down-down",
      "brand": null,
      "weight_size": null,
      "per_unit_price": "$9.00 per 1kgWas $4.50 on Jun 2025",
      "rating": 0,
      "review_count": 0,
      "in_stock": true,
      "is_on_sale": false,
      "scraped_at": "2025-08-05T17:42:20.138Z",
      "page_number": 3,
      "source_url": "https://www.coles.com.au/browse/down-down?page=3",
      "is_sponsored": null
    },
    {
      "title": "Bio Shredded Cheddar Cheese | 200g",
      "current_price": 6.3,
      "original_price": null,
      "discount_percentage": null,
      "discount_amount": null,
      "image_url": "https://www.coles.com.au/_next/image?url=https%3A%2F%2Fcdn.productimages.coles.com.au%2Fproductimages%2F3%2F3274760.jpg&w=640&q=90",
      "product_url": "https://www.coles.com.au/product/bio-shredded-cheddar-cheese-200g-3274760",
      "category": "down-down",
      "brand": null,
      "weight_size": null,
      "per_unit_price": "$31.50 per 1kgWas $9.00 on Jul 2025",
      "rating": 0,
      "review_count": 0,
      "in_stock": true,
      "is_on_sale": false,
      "scraped_at": "2025-08-05T17:42:20.138Z",
      "page_number": 3,
      "source_url": "https://www.coles.com.au/browse/down-down?page=3",
      "is_sponsored": null
    },
    {
      "title": "Bosisto's Eucalyptus Oil | 175mL",
      "current_price": 14.8,
      "original_price": null,
      "discount_percentage": null,
      "discount_amount": null,
      "image_url": "https://www.coles.com.au/_next/image?url=https%3A%2F%2Fcdn.productimages.coles.com.au%2Fproductimages%2F3%2F3280140.jpg&w=640&q=90",
      "product_url": "https://www.coles.com.au/product/bosisto's-eucalyptus-oil-175ml-3280140",
      "category": "down-down",
      "brand": null,
      "weight_size": null,
      "per_unit_price": "$8.46 per 100mLWas $17.00 on Jul 2025",
      "rating": 4.9,
      "review_count": 74,
      "in_stock": true,
      "is_on_sale": false,
      "scraped_at": "2025-08-05T17:42:20.138Z",
      "page_number": 3,
      "source_url": "https://www.coles.com.au/browse/down-down?page=3",
      "is_sponsored": null
    },
    {
      "title": "Bosisto's Natural Lavender Oil Spray | 125g",
      "current_price": 10,
      "original_price": null,
      "discount_percentage": null,
      "discount_amount": null,
      "image_url": "https://www.coles.com.au/_next/image?url=https%3A%2F%2Fcdn.productimages.coles.com.au%2Fproductimages%2F3%2F3281008.jpg&w=640&q=90",
      "product_url": "https://www.coles.com.au/product/bosisto's-natural-lavender-oil-spray-125g-3281008",
      "category": "down-down",
      "brand": null,
      "weight_size": null,
      "per_unit_price": "$8.00 per 100gWas $13.00 on Jul 2025",
      "rating": 4.9,
      "review_count": 27,
      "in_stock": true,
      "is_on_sale": false,
      "scraped_at": "2025-08-05T17:42:20.138Z",
      "page_number": 3,
      "source_url": "https://www.coles.com.au/browse/down-down?page=3",
      "is_sponsored": null
    },
    {
      "title": "Libra Ultra Thin Regular Pads With Wings | 20 pack",
      "current_price": 6.5,
      "original_price": null,
      "discount_percentage": null,
      "discount_amount": null,
      "image_url": "https://www.coles.com.au/_next/image?url=https%3A%2F%2Fcdn.productimages.coles.com.au%2Fproductimages%2F3%2F3293164.jpg&w=640&q=90",
      "product_url": "https://www.coles.com.au/product/libra-ultra-thin-regular-pads-with-wings-20-pack-3293164",
      "category": "down-down",
      "brand": null,
      "weight_size": null,
      "per_unit_price": "$0.33 per 1eaWas $8.50 on Jun 2025",
      "rating": 0,
      "review_count": 0,
      "in_stock": true,
      "is_on_sale": false,
      "scraped_at": "2025-08-05T17:42:20.138Z",
      "page_number": 3,
      "source_url": "https://www.coles.com.au/browse/down-down?page=3",
      "is_sponsored": null
    },
    {
      "title": "Libra Ultra Thin Super Pads With Wings | 18 pack",
      "current_price": 6.5,
      "original_price": null,
      "discount_percentage": null,
      "discount_amount": null,
      "image_url": "https://www.coles.com.au/_next/image?url=https%3A%2F%2Fcdn.productimages.coles.com.au%2Fproductimages%2F3%2F3293175.jpg&w=640&q=90",
      "product_url": "https://www.coles.com.au/product/libra-ultra-thin-super-pads-with-wings-18-pack-3293175",
      "category": "down-down",
      "brand": null,
      "weight_size": null,
      "per_unit_price": "$0.36 per 1eaWas $8.50 on Jun 2025",
      "rating": 0,
      "review_count": 0,
      "in_stock": true,
      "is_on_sale": false,
      "scraped_at": "2025-08-05T17:42:20.138Z",
      "page_number": 3,
      "source_url": "https://www.coles.com.au/browse/down-down?page=3",
      "is_sponsored": null
    },
    {
      "title": "Wild Tides Tuna Olive Oil | 95g",
      "current_price": 1.7,
      "original_price": null,
      "discount_percentage": null,
      "discount_amount": null,
      "image_url": "https://www.coles.com.au/_next/image?url=https%3A%2F%2Fcdn.productimages.coles.com.au%2Fproductimages%2F3%2F3294780.jpg&w=640&q=90",
      "product_url": "https://www.coles.com.au/product/wild-tides-tuna-olive-oil-95g-3294780",
      "category": "down-down",
      "brand": null,
      "weight_size": null,
      "per_unit_price": "$17.89 per 1kgWas $2.50 on Jul 2025",
      "rating": 0,
      "review_count": 0,
      "in_stock": true,
      "is_on_sale": false,
      "scraped_at": "2025-08-05T17:42:20.138Z",
      "page_number": 3,
      "source_url": "https://www.coles.com.au/browse/down-down?page=3",
      "is_sponsored": null
    },
    {
      "title": "Wild Tides Tuna Springwater | 95g",
      "current_price": 1.7,
      "original_price": null,
      "discount_percentage": null,
      "discount_amount": null,
      "image_url": "https://www.coles.com.au/_next/image?url=https%3A%2F%2Fcdn.productimages.coles.com.au%2Fproductimages%2F3%2F3294815.jpg&w=640&q=90",
      "product_url": "https://www.coles.com.au/product/wild-tides-tuna-springwater-95g-3294815",
      "category": "down-down",
      "brand": null,
      "weight_size": null,
      "per_unit_price": "$17.89 per 1kgWas $2.50 on Jul 2025",
      "rating": 0,
      "review_count": 0,
      "in_stock": true,
      "is_on_sale": false,
      "scraped_at": "2025-08-05T17:42:20.138Z",
      "page_number": 3,
      "source_url": "https://www.coles.com.au/browse/down-down?page=3",
      "is_sponsored": null
    },
    {
      "title": "Wild Tides Tuna Lemon And Pepper | 95g",
      "current_price": 1.7,
      "original_price": null,
      "discount_percentage": null,
      "discount_amount": null,
      "image_url": "https://www.coles.com.au/_next/image?url=https%3A%2F%2Fcdn.productimages.coles.com.au%2Fproductimages%2F3%2F3294859.jpg&w=640&q=90",
      "product_url": "https://www.coles.com.au/product/wild-tides-tuna-lemon-and-pepper-95g-3294859",
      "category": "down-down",
      "brand": null,
      "weight_size": null,
      "per_unit_price": "$17.89 per 1kgWas $2.50 on Jul 2025",
      "rating": 0,
      "review_count": 0,
      "in_stock": true,
      "is_on_sale": false,
      "scraped_at": "2025-08-05T17:42:20.138Z",
      "page_number": 3,
      "source_url": "https://www.coles.com.au/browse/down-down?page=3",
      "is_sponsored": null
    },
    {
      "title": "Wild Tides Tuna Onion Sav Sauce | 95g",
      "current_price": 1.7,
      "original_price": null,
      "discount_percentage": null,
      "discount_amount": null,
      "image_url": "https://www.coles.com.au/_next/image?url=https%3A%2F%2Fcdn.productimages.coles.com.au%2Fproductimages%2F3%2F3294906.jpg&w=640&q=90",
      "product_url": "https://www.coles.com.au/product/wild-tides-tuna-onion-sav-sauce-95g-3294906",
      "category": "down-down",
      "brand": null,
      "weight_size": null,
      "per_unit_price": "$17.89 per 1kgWas $2.50 on Jul 2025",
      "rating": 0,
      "review_count": 0,
      "in_stock": true,
      "is_on_sale": false,
      "scraped_at": "2025-08-05T17:42:20.138Z",
      "page_number": 3,
      "source_url": "https://www.coles.com.au/browse/down-down?page=3",
      "is_sponsored": null
    },
    {
      "title": "Wild Tides Tuna Spicy Chilli | 95g",
      "current_price": 1.7,
      "original_price": null,
      "discount_percentage": null,
      "discount_amount": null,
      "image_url": "https://www.coles.com.au/_next/image?url=https%3A%2F%2Fcdn.productimages.coles.com.au%2Fproductimages%2F3%2F3294972.jpg&w=640&q=90",
      "product_url": "https://www.coles.com.au/product/wild-tides-tuna-spicy-chilli-95g-3294972",
      "category": "down-down",
      "brand": null,
      "weight_size": null,
      "per_unit_price": "$17.89 per 1kgWas $2.50 on Jul 2025",
      "rating": 0,
      "review_count": 0,
      "in_stock": true,
      "is_on_sale": false,
      "scraped_at": "2025-08-05T17:42:20.138Z",
      "page_number": 3,
      "source_url": "https://www.coles.com.au/browse/down-down?page=3",
      "is_sponsored": null
    },
    {
      "title": "Wild Tides Tuna Sweet Chilli | 95g",
      "current_price": 1.7,
      "original_price": null,
      "discount_percentage": null,
      "discount_amount": null,
      "image_url": "https://www.coles.com.au/_next/image?url=https%3A%2F%2Fcdn.productimages.coles.com.au%2Fproductimages%2F3%2F3295024.jpg&w=640&q=90",
      "product_url": "https://www.coles.com.au/product/wild-tides-tuna-sweet-chilli-95g-3295024",
      "category": "down-down",
      "brand": null,
      "weight_size": null,
      "per_unit_price": "$17.89 per 1kgWas $2.50 on Jul 2025",
      "rating": 0,
      "review_count": 0,
      "in_stock": true,
      "is_on_sale": false,
      "scraped_at": "2025-08-05T17:42:20.138Z",
      "page_number": 3,
      "source_url": "https://www.coles.com.au/browse/down-down?page=3",
      "is_sponsored": null
    },
    {
      "title": "Wild Tides Tuna Smokey | 95g",
      "current_price": 1.7,
      "original_price": null,
      "discount_percentage": null,
      "discount_amount": null,
      "image_url": "https://www.coles.com.au/_next/image?url=https%3A%2F%2Fcdn.productimages.coles.com.au%2Fproductimages%2F3%2F3295090.jpg&w=640&q=90",
      "product_url": "https://www.coles.com.au/product/wild-tides-tuna-smokey-95g-3295090",
      "category": "down-down",
      "brand": null,
      "weight_size": null,
      "per_unit_price": "$17.89 per 1kgWas $2.50 on Jul 2025",
      "rating": 0,
      "review_count": 0,
      "in_stock": true,
      "is_on_sale": false,
      "scraped_at": "2025-08-05T17:42:20.138Z",
      "page_number": 3,
      "source_url": "https://www.coles.com.au/browse/down-down?page=3",
      "is_sponsored": null
    },
    {
      "title": "99th Monkey Natural Almond Butter | 200g",
      "current_price": 7,
      "original_price": null,
      "discount_percentage": null,
      "discount_amount": null,
      "image_url": "https://www.coles.com.au/_next/image?url=https%3A%2F%2Fcdn.productimages.coles.com.au%2Fproductimages%2F3%2F3299568.jpg&w=640&q=90",
      "product_url": "https://www.coles.com.au/product/99th-monkey-natural-almond-butter-200g-3299568",
      "category": "down-down",
      "brand": null,
      "weight_size": null,
      "per_unit_price": "$3.50 per 100g",
      "rating": 0,
      "review_count": 0,
      "in_stock": true,
      "is_on_sale": false,
      "scraped_at": "2025-08-05T17:42:20.138Z",
      "page_number": 3,
      "source_url": "https://www.coles.com.au/browse/down-down?page=3",
      "is_sponsored": null
    },
    {
      "title": "Danone The Ultimate Golden Honey Yoghurt 4x115g | 4 Pack",
      "current_price": 4.5,
      "original_price": null,
      "discount_percentage": null,
      "discount_amount": null,
      "image_url": "https://www.coles.com.au/_next/image?url=https%3A%2F%2Fcdn.productimages.coles.com.au%2Fproductimages%2F3%2F3310139.jpg&w=640&q=90",
      "product_url": "https://www.coles.com.au/product/danone-the-ultimate-golden-honey-yoghurt-4x115g-4-pack-3310139",
      "category": "down-down",
      "brand": null,
      "weight_size": null,
      "per_unit_price": "$0.98 per 100gWas $5.75 on Jun 2025",
      "rating": 0,
      "review_count": 0,
      "in_stock": true,
      "is_on_sale": false,
      "scraped_at": "2025-08-05T17:42:20.138Z",
      "page_number": 3,
      "source_url": "https://www.coles.com.au/browse/down-down?page=3",
      "is_sponsored": null
    },
    {
      "title": "Danone The Ultimate Succulent Strawberry Yoghurt 4x115g | 4 pack",
      "current_price": 4.5,
      "original_price": null,
      "discount_percentage": null,
      "discount_amount": null,
      "image_url": "https://www.coles.com.au/_next/image?url=https%3A%2F%2Fcdn.productimages.coles.com.au%2Fproductimages%2F3%2F3310140.jpg&w=640&q=90",
      "product_url": "https://www.coles.com.au/product/danone-the-ultimate-succulent-strawberry-yoghurt-4x115g-4-pack-3310140",
      "category": "down-down",
      "brand": null,
      "weight_size": null,
      "per_unit_price": "$0.98 per 100gWas $5.75 on Jun 2025",
      "rating": 0,
      "review_count": 0,
      "in_stock": true,
      "is_on_sale": false,
      "scraped_at": "2025-08-05T17:42:20.138Z",
      "page_number": 3,
      "source_url": "https://www.coles.com.au/browse/down-down?page=3",
      "is_sponsored": null
    },
    {
      "title": "Danone The Ultimate Black Cherry Yoghurt 4x115g | 4 pack",
      "current_price": 4.5,
      "original_price": null,
      "discount_percentage": null,
      "discount_amount": null,
      "image_url": "https://www.coles.com.au/_next/image?url=https%3A%2F%2Fcdn.productimages.coles.com.au%2Fproductimages%2F3%2F3310183.jpg&w=640&q=90",
      "product_url": "https://www.coles.com.au/product/danone-the-ultimate-black-cherry-yoghurt-4x115g-4-pack-3310183",
      "category": "down-down",
      "brand": null,
      "weight_size": null,
      "per_unit_price": "$0.98 per 100gWas $5.75 on Jun 2025",
      "rating": 0,
      "review_count": 0,
      "in_stock": true,
      "is_on_sale": false,
      "scraped_at": "2025-08-05T17:42:20.138Z",
      "page_number": 3,
      "source_url": "https://www.coles.com.au/browse/down-down?page=3",
      "is_sponsored": null
    },
    {
      "title": "Danone The Ultimate Tropical Mango Yoghurt 4x115g | 4 pack",
      "current_price": 4.5,
      "original_price": null,
      "discount_percentage": null,
      "discount_amount": null,
      "image_url": "https://www.coles.com.au/_next/image?url=https%3A%2F%2Fcdn.productimages.coles.com.au%2Fproductimages%2F3%2F3310194.jpg&w=640&q=90",
      "product_url": "https://www.coles.com.au/product/danone-the-ultimate-tropical-mango-yoghurt-4x115g-4-pack-3310194",
      "category": "down-down",
      "brand": null,
      "weight_size": null,
      "per_unit_price": "$0.98 per 100gWas $5.75 on Jun 2025",
      "rating": 0,
      "review_count": 0,
      "in_stock": true,
      "is_on_sale": false,
      "scraped_at": "2025-08-05T17:42:20.138Z",
      "page_number": 3,
      "source_url": "https://www.coles.com.au/browse/down-down?page=3",
      "is_sponsored": null
    }
  ],
  "summary": {
    "total_products": 57,
    "products_on_sale": 0,
    "products_with_ratings": 57,
    "average_price": 4.764035087719297,
    "price_range": {
      "min": 1,
      "max": 14.8
    }
  }
}