{
  "extraction_info": {
    "timestamp": "2025-08-05T17:43:53.138Z",
    "page_url": "https://www.coles.com.au/browse/down-down?page=13",
    "category": "down-down",
    "page_number": 13,
    "selector_set_used": "high_confidence",
    "total_products": 32,
    "total_elements_found": 32
  },
  "products": [
    {
      "title": "Golden Circle 100% No Added Sugar Apple And Mango Juice | 3L",
      "current_price": 4.95,
      "original_price": null,
      "discount_percentage": null,
      "discount_amount": null,
      "image_url": "https://www.coles.com.au/_next/image?url=https%3A%2F%2Fcdn.productimages.coles.com.au%2Fproductimages%2F9%2F9349068.jpg&w=640&q=90",
      "product_url": "https://www.coles.com.au/product/golden-circle-100percent-no-added-sugar-apple-and-mango-juice-3l-9349068",
      "category": "down-down",
      "brand": null,
      "weight_size": null,
      "per_unit_price": "$1.65 per 1LWas $5.50 on Jun 2025",
      "rating": null,
      "review_count": null,
      "in_stock": true,
      "is_on_sale": false,
      "scraped_at": "2025-08-05T17:43:53.138Z",
      "page_number": 13,
      "source_url": "https://www.coles.com.au/browse/down-down?page=13",
      "is_sponsored": null
    },
    {
      "title": "Libra Goodnights Ultra Thin Value Pack Pads | 20 pack",
      "current_price": 8,
      "original_price": null,
      "discount_percentage": null,
      "discount_amount": null,
      "image_url": "https://www.coles.com.au/_next/image?url=https%3A%2F%2Fcdn.productimages.coles.com.au%2Fproductimages%2F9%2F9622021.jpg&w=640&q=90",
      "product_url": "https://www.coles.com.au/product/libra-goodnights-ultra-thin-value-pack-pads-20-pack-9622021",
      "category": "down-down",
      "brand": null,
      "weight_size": null,
      "per_unit_price": "$0.40 per 1eaWas $10.00 on Jun 2025",
      "rating": null,
      "review_count": null,
      "in_stock": true,
      "is_on_sale": false,
      "scraped_at": "2025-08-05T17:43:53.138Z",
      "page_number": 13,
      "source_url": "https://www.coles.com.au/browse/down-down?page=13",
      "is_sponsored": true
    },
    {
      "title": "Riverina Haloumi Lactose Free | 180g",
      "current_price": 5.8,
      "original_price": null,
      "discount_percentage": null,
      "discount_amount": null,
      "image_url": "https://www.coles.com.au/_next/image?url=https%3A%2F%2Fcdn.productimages.coles.com.au%2Fproductimages%2F6%2F6797368.jpg&w=640&q=90",
      "product_url": "https://www.coles.com.au/product/riverina-haloumi-lactose-free-180g-6797368",
      "category": "down-down",
      "brand": null,
      "weight_size": null,
      "per_unit_price": "$32.22 per 1kgWas $6.60 on May 2025",
      "rating": null,
      "review_count": null,
      "in_stock": true,
      "is_on_sale": false,
      "scraped_at": "2025-08-05T17:43:53.138Z",
      "page_number": 13,
      "source_url": "https://www.coles.com.au/browse/down-down?page=13",
      "is_sponsored": true
    },
    {
      "title": "Ziploc Medium Resealable Food Storage Freezer Bags | 19 Pack",
      "current_price": 3.5,
      "original_price": null,
      "discount_percentage": null,
      "discount_amount": null,
      "image_url": "https://www.coles.com.au/_next/image?url=https%3A%2F%2Fcdn.productimages.coles.com.au%2Fproductimages%2F3%2F3975594.jpg&w=640&q=90",
      "product_url": "https://www.coles.com.au/product/ziploc-medium-resealable-food-storage-freezer-bags-19-pack-3975594",
      "category": "down-down",
      "brand": null,
      "weight_size": null,
      "per_unit_price": "$0.18 per 1eaWas $4.40 on May 2025",
      "rating": null,
      "review_count": null,
      "in_stock": true,
      "is_on_sale": false,
      "scraped_at": "2025-08-05T17:43:53.138Z",
      "page_number": 13,
      "source_url": "https://www.coles.com.au/browse/down-down?page=13",
      "is_sponsored": true
    },
    {
      "title": "Batiste Dry Shampoo & Volume With Plumping Collagen | 200mL",
      "current_price": 10,
      "original_price": null,
      "discount_percentage": null,
      "discount_amount": null,
      "image_url": "https://www.coles.com.au/_next/image?url=https%3A%2F%2Fcdn.productimages.coles.com.au%2Fproductimages%2F3%2F3535026.jpg&w=640&q=90",
      "product_url": "https://www.coles.com.au/product/batiste-dry-shampoo-and-volume-with-plumping-collagen-200ml-3535026",
      "category": "down-down",
      "brand": null,
      "weight_size": null,
      "per_unit_price": "$5.00 per 100mLWas $14.00 on Jun 2025",
      "rating": null,
      "review_count": null,
      "in_stock": true,
      "is_on_sale": false,
      "scraped_at": "2025-08-05T17:43:53.138Z",
      "page_number": 13,
      "source_url": "https://www.coles.com.au/browse/down-down?page=13",
      "is_sponsored": true
    },
    {
      "title": "Cornish Sea Salt Crystals | 225g",
      "current_price": 7,
      "original_price": null,
      "discount_percentage": null,
      "discount_amount": null,
      "image_url": "https://www.coles.com.au/_next/image?url=https%3A%2F%2Fcdn.productimages.coles.com.au%2Fproductimages%2F9%2F9964568.jpg&w=640&q=90",
      "product_url": "https://www.coles.com.au/product/cornish-sea-salt-crystals-225g-9964568",
      "category": "down-down",
      "brand": null,
      "weight_size": null,
      "per_unit_price": "$0.31 per 10gWas $8.80 on Aug 2025",
      "rating": null,
      "review_count": null,
      "in_stock": true,
      "is_on_sale": false,
      "scraped_at": "2025-08-05T17:43:53.138Z",
      "page_number": 13,
      "source_url": "https://www.coles.com.au/browse/down-down?page=13",
      "is_sponsored": true
    },
    {
      "title": "Batiste Divine Dark Brown Dry Shampoo Plus | 200mL",
      "current_price": 10,
      "original_price": null,
      "discount_percentage": null,
      "discount_amount": null,
      "image_url": "https://www.coles.com.au/_next/image?url=https%3A%2F%2Fcdn.productimages.coles.com.au%2Fproductimages%2F2%2F2319273.jpg&w=640&q=90",
      "product_url": "https://www.coles.com.au/product/batiste-divine-dark-brown-dry-shampoo-plus-200ml-2319273",
      "category": "down-down",
      "brand": null,
      "weight_size": null,
      "per_unit_price": "$5.00 per 100mLWas $14.00 on Jun 2025",
      "rating": null,
      "review_count": null,
      "in_stock": true,
      "is_on_sale": false,
      "scraped_at": "2025-08-05T17:43:53.138Z",
      "page_number": 13,
      "source_url": "https://www.coles.com.au/browse/down-down?page=13",
      "is_sponsored": true
    },
    {
      "title": "Carmans Oat Slices Belgian Chocolate 5 Pack | 175g",
      "current_price": 5.9,
      "original_price": null,
      "discount_percentage": null,
      "discount_amount": null,
      "image_url": "https://www.coles.com.au/_next/image?url=https%3A%2F%2Fcdn.productimages.coles.com.au%2Fproductimages%2F4%2F4456093.jpg&w=640&q=90",
      "product_url": "https://www.coles.com.au/product/carmans-oat-slices-belgian-chocolate-5-pack-175g-4456093",
      "category": "down-down",
      "brand": null,
      "weight_size": null,
      "per_unit_price": "$3.37 per 100gWas $6.20 on Jul 2025",
      "rating": null,
      "review_count": null,
      "in_stock": true,
      "is_on_sale": false,
      "scraped_at": "2025-08-05T17:43:53.138Z",
      "page_number": 13,
      "source_url": "https://www.coles.com.au/browse/down-down?page=13",
      "is_sponsored": true
    },
    {
      "title": "Bellamy's Organic Apple & Cinnamon Baby Porridge Cereal Pouch 6+ Mo ... 125g",
      "current_price": 3.95,
      "original_price": null,
      "discount_percentage": null,
      "discount_amount": null,
      "image_url": "https://www.coles.com.au/_next/image?url=https%3A%2F%2Fcdn.productimages.coles.com.au%2Fproductimages%2F6%2F6448799.jpg&w=640&q=90",
      "product_url": "https://www.coles.com.au/product/bellamy's-organic-apple-and-cinnamon-baby-porridge-cereal-pouch-6+-months-125g-6448799",
      "category": "down-down",
      "brand": null,
      "weight_size": null,
      "per_unit_price": "$3.16 per 100gWas $4.40 on May 2025",
      "rating": null,
      "review_count": null,
      "in_stock": true,
      "is_on_sale": false,
      "scraped_at": "2025-08-05T17:43:53.138Z",
      "page_number": 13,
      "source_url": "https://www.coles.com.au/browse/down-down?page=13",
      "is_sponsored": true
    },
    {
      "title": "Capi All Australian Sparkling Water 750ml | 750mL",
      "current_price": 2.95,
      "original_price": null,
      "discount_percentage": null,
      "discount_amount": null,
      "image_url": "https://www.coles.com.au/_next/image?url=https%3A%2F%2Fcdn.productimages.coles.com.au%2Fproductimages%2F4%2F4465651.jpg&w=640&q=90",
      "product_url": "https://www.coles.com.au/product/capi-all-australian-sparkling-water-750ml-750ml-4465651",
      "category": "down-down",
      "brand": null,
      "weight_size": null,
      "per_unit_price": "$3.93 per 1LWas $3.40 on Jul 2025",
      "rating": null,
      "review_count": null,
      "in_stock": true,
      "is_on_sale": false,
      "scraped_at": "2025-08-05T17:43:53.138Z",
      "page_number": 13,
      "source_url": "https://www.coles.com.au/browse/down-down?page=13",
      "is_sponsored": true
    },
    {
      "title": "Vanish Napisan Oxi Action Fabric Stain Remover Powder | 2kg",
      "current_price": 16.5,
      "original_price": null,
      "discount_percentage": null,
      "discount_amount": null,
      "image_url": "https://www.coles.com.au/_next/image?url=https%3A%2F%2Fcdn.productimages.coles.com.au%2Fproductimages%2F9%2F9506348.jpg&w=640&q=90",
      "product_url": "https://www.coles.com.au/product/vanish-napisan-oxi-action-fabric-stain-remover-powder-2kg-9506348",
      "category": "down-down",
      "brand": null,
      "weight_size": null,
      "per_unit_price": "$8.25 per 1kgWas $19.00 on May 2025",
      "rating": null,
      "review_count": null,
      "in_stock": true,
      "is_on_sale": false,
      "scraped_at": "2025-08-05T17:43:53.138Z",
      "page_number": 13,
      "source_url": "https://www.coles.com.au/browse/down-down?page=13",
      "is_sponsored": null
    },
    {
      "title": "Pampas Frozen Puff Pastry Sheets Extra Light 6 pack | 1kg",
      "current_price": 5.5,
      "original_price": null,
      "discount_percentage": null,
      "discount_amount": null,
      "image_url": "https://www.coles.com.au/_next/image?url=https%3A%2F%2Fcdn.productimages.coles.com.au%2Fproductimages%2F9%2F9514561.jpg&w=640&q=90",
      "product_url": "https://www.coles.com.au/product/pampas-frozen-puff-pastry-sheets-extra-light-6-pack-1kg-9514561",
      "category": "down-down",
      "brand": null,
      "weight_size": null,
      "per_unit_price": "$0.55 per 100gWas $6.50 on Jun 2025",
      "rating": null,
      "review_count": null,
      "in_stock": true,
      "is_on_sale": false,
      "scraped_at": "2025-08-05T17:43:53.138Z",
      "page_number": 13,
      "source_url": "https://www.coles.com.au/browse/down-down?page=13",
      "is_sponsored": null
    },
    {
      "title": "Hylo Fresh Eye Drops | 7.5mL",
      "current_price": 23,
      "original_price": null,
      "discount_percentage": null,
      "discount_amount": null,
      "image_url": "https://www.coles.com.au/_next/image?url=https%3A%2F%2Fcdn.productimages.coles.com.au%2Fproductimages%2F9%2F9562134.jpg&w=640&q=90",
      "product_url": "https://www.coles.com.au/product/hylo-fresh-eye-drops-7.5ml-9562134",
      "category": "down-down",
      "brand": null,
      "weight_size": null,
      "per_unit_price": "$306.67 per 100mLWas $27.00 on Jul 2025",
      "rating": null,
      "review_count": null,
      "in_stock": true,
      "is_on_sale": false,
      "scraped_at": "2025-08-05T17:43:53.138Z",
      "page_number": 13,
      "source_url": "https://www.coles.com.au/browse/down-down?page=13",
      "is_sponsored": null
    },
    {
      "title": "Double D Manuka Honey Elderberry | 16 Pack",
      "current_price": 5,
      "original_price": null,
      "discount_percentage": null,
      "discount_amount": null,
      "image_url": "https://www.coles.com.au/_next/image?url=https%3A%2F%2Fcdn.productimages.coles.com.au%2Fproductimages%2F9%2F9563556.jpg&w=640&q=90",
      "product_url": "https://www.coles.com.au/product/double-d-manuka-honey-elderberry-16-pack-9563556",
      "category": "down-down",
      "brand": null,
      "weight_size": null,
      "per_unit_price": "$0.31 per 1eaWas $6.50 on May 2025",
      "rating": null,
      "review_count": null,
      "in_stock": true,
      "is_on_sale": false,
      "scraped_at": "2025-08-05T17:43:53.138Z",
      "page_number": 13,
      "source_url": "https://www.coles.com.au/browse/down-down?page=13",
      "is_sponsored": null
    },
    {
      "title": "Double D Manuka Honey Lemon Ginger | 16 Pack",
      "current_price": 5,
      "original_price": null,
      "discount_percentage": null,
      "discount_amount": null,
      "image_url": "https://www.coles.com.au/_next/image?url=https%3A%2F%2Fcdn.productimages.coles.com.au%2Fproductimages%2F9%2F9563614.jpg&w=640&q=90",
      "product_url": "https://www.coles.com.au/product/double-d-manuka-honey-lemon-ginger-16-pack-9563614",
      "category": "down-down",
      "brand": null,
      "weight_size": null,
      "per_unit_price": "$0.31 per 1eaWas $6.50 on May 2025",
      "rating": null,
      "review_count": null,
      "in_stock": true,
      "is_on_sale": false,
      "scraped_at": "2025-08-05T17:43:53.138Z",
      "page_number": 13,
      "source_url": "https://www.coles.com.au/browse/down-down?page=13",
      "is_sponsored": null
    },
    {
      "title": "Difflam Plus Triple Action Blackcurrant | 32 Pack",
      "current_price": 13.3,
      "original_price": null,
      "discount_percentage": null,
      "discount_amount": null,
      "image_url": "https://www.coles.com.au/_next/image?url=https%3A%2F%2Fcdn.productimages.coles.com.au%2Fproductimages%2F9%2F9564140.jpg&w=640&q=90",
      "product_url": "https://www.coles.com.au/product/difflam-plus-triple-action-blackcurrant-32-pack-9564140",
      "category": "down-down",
      "brand": null,
      "weight_size": null,
      "per_unit_price": "$0.42 per 1eaWas $19.00 on Jun 2025",
      "rating": null,
      "review_count": null,
      "in_stock": true,
      "is_on_sale": false,
      "scraped_at": "2025-08-05T17:43:53.138Z",
      "page_number": 13,
      "source_url": "https://www.coles.com.au/browse/down-down?page=13",
      "is_sponsored": null
    },
    {
      "title": "Nanna's Frozen Apple Crumble | 550g",
      "current_price": 5,
      "original_price": null,
      "discount_percentage": null,
      "discount_amount": null,
      "image_url": "https://www.coles.com.au/_next/image?url=https%3A%2F%2Fcdn.productimages.coles.com.au%2Fproductimages%2F9%2F9718506.jpg&w=640&q=90",
      "product_url": "https://www.coles.com.au/product/nanna's-frozen-apple-crumble-550g-9718506",
      "category": "down-down",
      "brand": null,
      "weight_size": null,
      "per_unit_price": "$0.91 per 100gWas $6.50 on Jul 2025",
      "rating": null,
      "review_count": null,
      "in_stock": true,
      "is_on_sale": false,
      "scraped_at": "2025-08-05T17:43:53.138Z",
      "page_number": 13,
      "source_url": "https://www.coles.com.au/browse/down-down?page=13",
      "is_sponsored": null
    },
    {
      "title": "Sandhurst Capers Baby Wine Vinegar | 110g",
      "current_price": 2.6,
      "original_price": null,
      "discount_percentage": null,
      "discount_amount": null,
      "image_url": "https://www.coles.com.au/_next/image?url=https%3A%2F%2Fcdn.productimages.coles.com.au%2Fproductimages%2F9%2F9763205.jpg&w=640&q=90",
      "product_url": "https://www.coles.com.au/product/sandhurst-capers-baby-wine-vinegar-110g-9763205",
      "category": "down-down",
      "brand": null,
      "weight_size": null,
      "per_unit_price": "$23.64 per 1kgWas $3.00 on May 2025",
      "rating": null,
      "review_count": null,
      "in_stock": true,
      "is_on_sale": false,
      "scraped_at": "2025-08-05T17:43:53.138Z",
      "page_number": 13,
      "source_url": "https://www.coles.com.au/browse/down-down?page=13",
      "is_sponsored": null
    },
    {
      "title": "Atkins Low Carb Endulge Bar Chocolate Coconut 5x40g | 200g",
      "current_price": 13.6,
      "original_price": null,
      "discount_percentage": null,
      "discount_amount": null,
      "image_url": "https://www.coles.com.au/_next/image?url=https%3A%2F%2Fcdn.productimages.coles.com.au%2Fproductimages%2F9%2F9906903.jpg&w=640&q=90",
      "product_url": "https://www.coles.com.au/product/atkins-low-carb-endulge-bar-chocolate-coconut-5x40g-200g-9906903",
      "category": "down-down",
      "brand": null,
      "weight_size": null,
      "per_unit_price": "$6.80 per 100gWas $17.00 on Jul 2025",
      "rating": null,
      "review_count": null,
      "in_stock": true,
      "is_on_sale": false,
      "scraped_at": "2025-08-05T17:43:53.138Z",
      "page_number": 13,
      "source_url": "https://www.coles.com.au/browse/down-down?page=13",
      "is_sponsored": null
    },
    {
      "title": "Atkins Endulge Milk Choc Malt Bites 5x30g | 150g",
      "current_price": 13.6,
      "original_price": null,
      "discount_percentage": null,
      "discount_amount": null,
      "image_url": "https://www.coles.com.au/_next/image?url=https%3A%2F%2Fcdn.productimages.coles.com.au%2Fproductimages%2F9%2F9946646.jpg&w=640&q=90",
      "product_url": "https://www.coles.com.au/product/atkins-endulge-milk-choc-malt-bites-5x30g-150g-9946646",
      "category": "down-down",
      "brand": "Endulge Milk Choc Malt Bites 5X30G",
      "weight_size": null,
      "per_unit_price": "$9.07 per 100gWas $17.00 on Jul 2025",
      "rating": null,
      "review_count": null,
      "in_stock": true,
      "is_on_sale": false,
      "scraped_at": "2025-08-05T17:43:53.138Z",
      "page_number": 13,
      "source_url": "https://www.coles.com.au/browse/down-down?page=13",
      "is_sponsored": null
    },
    {
      "title": "Hylo Forte Eye Drops | 7.5mL",
      "current_price": 27,
      "original_price": null,
      "discount_percentage": null,
      "discount_amount": null,
      "image_url": "https://www.coles.com.au/_next/image?url=https%3A%2F%2Fcdn.productimages.coles.com.au%2Fproductimages%2F9%2F9949600.jpg&w=640&q=90",
      "product_url": "https://www.coles.com.au/product/hylo-forte-eye-drops-7.5ml-9949600",
      "category": "down-down",
      "brand": null,
      "weight_size": null,
      "per_unit_price": "$360.00 per 100mLWas $32.00 on Jul 2025",
      "rating": null,
      "review_count": null,
      "in_stock": true,
      "is_on_sale": false,
      "scraped_at": "2025-08-05T17:43:53.138Z",
      "page_number": 13,
      "source_url": "https://www.coles.com.au/browse/down-down?page=13",
      "is_sponsored": null
    },
    {
      "title": "Colgate Twister Toothbrush Soft | 5 Pack",
      "current_price": 8,
      "original_price": null,
      "discount_percentage": null,
      "discount_amount": null,
      "image_url": "https://www.coles.com.au/_next/image?url=https%3A%2F%2Fcdn.productimages.coles.com.au%2Fproductimages%2F9%2F9969630.jpg&w=640&q=90",
      "product_url": "https://www.coles.com.au/product/colgate-twister-toothbrush-soft-5-pack-9969630",
      "category": "down-down",
      "brand": null,
      "weight_size": null,
      "per_unit_price": "$1.60 per 1eaWas $10.00 on Jul 2025",
      "rating": null,
      "review_count": null,
      "in_stock": true,
      "is_on_sale": false,
      "scraped_at": "2025-08-05T17:43:53.138Z",
      "page_number": 13,
      "source_url": "https://www.coles.com.au/browse/down-down?page=13",
      "is_sponsored": null
    },
    {
      "title": "Coles Kitchen Chicken & Ancient Grain Soup | 550g",
      "current_price": 5,
      "original_price": null,
      "discount_percentage": null,
      "discount_amount": null,
      "image_url": "https://www.coles.com.au/_next/image?url=https%3A%2F%2Fcdn.productimages.coles.com.au%2Fproductimages%2F9%2F9969663.jpg&w=640&q=90",
      "product_url": "https://www.coles.com.au/product/coles-kitchen-chicken-and-ancient-grain-soup-550g-9969663",
      "category": "down-down",
      "brand": null,
      "weight_size": null,
      "per_unit_price": "$0.91 per 100gWas $5.50 on Jun 2025",
      "rating": null,
      "review_count": null,
      "in_stock": true,
      "is_on_sale": false,
      "scraped_at": "2025-08-05T17:43:53.138Z",
      "page_number": 13,
      "source_url": "https://www.coles.com.au/browse/down-down?page=13",
      "is_sponsored": null
    },
    {
      "title": "Coles Kitchen Soup Chicken Noodle | 550g",
      "current_price": 5,
      "original_price": null,
      "discount_percentage": null,
      "discount_amount": null,
      "image_url": "https://www.coles.com.au/_next/image?url=https%3A%2F%2Fcdn.productimages.coles.com.au%2Fproductimages%2F9%2F9970505.jpg&w=640&q=90",
      "product_url": "https://www.coles.com.au/product/coles-kitchen-soup-chicken-noodle-550g-9970505",
      "category": "down-down",
      "brand": null,
      "weight_size": null,
      "per_unit_price": "$0.91 per 100gWas $5.50 on Jun 2025",
      "rating": null,
      "review_count": null,
      "in_stock": true,
      "is_on_sale": false,
      "scraped_at": "2025-08-05T17:43:53.138Z",
      "page_number": 13,
      "source_url": "https://www.coles.com.au/browse/down-down?page=13",
      "is_sponsored": null
    },
    {
      "title": "Coles Kitchen Soup Butternut Pumpkin | 550g",
      "current_price": 5,
      "original_price": null,
      "discount_percentage": null,
      "discount_amount": null,
      "image_url": "https://www.coles.com.au/_next/image?url=https%3A%2F%2Fcdn.productimages.coles.com.au%2Fproductimages%2F9%2F9970629.jpg&w=640&q=90",
      "product_url": "https://www.coles.com.au/product/coles-kitchen-soup-butternut-pumpkin-550g-9970629",
      "category": "down-down",
      "brand": null,
      "weight_size": null,
      "per_unit_price": "$0.91 per 100gWas $5.50 on Jun 2025",
      "rating": null,
      "review_count": null,
      "in_stock": true,
      "is_on_sale": false,
      "scraped_at": "2025-08-05T17:43:53.138Z",
      "page_number": 13,
      "source_url": "https://www.coles.com.au/browse/down-down?page=13",
      "is_sponsored": null
    },
    {
      "title": "Coles Kitchen Minestrone Soup | 550g",
      "current_price": 5,
      "original_price": null,
      "discount_percentage": null,
      "discount_amount": null,
      "image_url": "https://www.coles.com.au/_next/image?url=https%3A%2F%2Fcdn.productimages.coles.com.au%2Fproductimages%2F9%2F9970709.jpg&w=640&q=90",
      "product_url": "https://www.coles.com.au/product/coles-kitchen-minestrone-soup-550g-9970709",
      "category": "down-down",
      "brand": null,
      "weight_size": null,
      "per_unit_price": "$0.91 per 100gWas $5.50 on Jun 2025",
      "rating": null,
      "review_count": null,
      "in_stock": true,
      "is_on_sale": false,
      "scraped_at": "2025-08-05T17:43:53.138Z",
      "page_number": 13,
      "source_url": "https://www.coles.com.au/browse/down-down?page=13",
      "is_sponsored": null
    },
    {
      "title": "Coles Kitchen Soup Thai Red Pumpkin | 550g",
      "current_price": 5,
      "original_price": null,
      "discount_percentage": null,
      "discount_amount": null,
      "image_url": "https://www.coles.com.au/_next/image?url=https%3A%2F%2Fcdn.productimages.coles.com.au%2Fproductimages%2F9%2F9972169.jpg&w=640&q=90",
      "product_url": "https://www.coles.com.au/product/coles-kitchen-soup-thai-red-pumpkin-550g-9972169",
      "category": "down-down",
      "brand": null,
      "weight_size": null,
      "per_unit_price": "$0.91 per 100gWas $5.50 on Jun 2025",
      "rating": null,
      "review_count": null,
      "in_stock": true,
      "is_on_sale": false,
      "scraped_at": "2025-08-05T17:43:53.138Z",
      "page_number": 13,
      "source_url": "https://www.coles.com.au/browse/down-down?page=13",
      "is_sponsored": null
    },
    {
      "title": "Coles Kitchen Soup Tomato & Basil | 550g",
      "current_price": 5,
      "original_price": null,
      "discount_percentage": null,
      "discount_amount": null,
      "image_url": "https://www.coles.com.au/_next/image?url=https%3A%2F%2Fcdn.productimages.coles.com.au%2Fproductimages%2F9%2F9972170.jpg&w=640&q=90",
      "product_url": "https://www.coles.com.au/product/coles-kitchen-soup-tomato-and-basil-550g-9972170",
      "category": "down-down",
      "brand": null,
      "weight_size": null,
      "per_unit_price": "$0.91 per 100gWas $5.50 on Jun 2025",
      "rating": null,
      "review_count": null,
      "in_stock": true,
      "is_on_sale": false,
      "scraped_at": "2025-08-05T17:43:53.138Z",
      "page_number": 13,
      "source_url": "https://www.coles.com.au/browse/down-down?page=13",
      "is_sponsored": null
    },
    {
      "title": "Coles Kitchen Soup Chicken & Corn | 550g",
      "current_price": 5,
      "original_price": null,
      "discount_percentage": null,
      "discount_amount": null,
      "image_url": "https://www.coles.com.au/_next/image?url=https%3A%2F%2Fcdn.productimages.coles.com.au%2Fproductimages%2F9%2F9972191.jpg&w=640&q=90",
      "product_url": "https://www.coles.com.au/product/coles-kitchen-soup-chicken-and-corn-550g-9972191",
      "category": "down-down",
      "brand": null,
      "weight_size": null,
      "per_unit_price": "$0.91 per 100gWas $5.50 on Jun 2025",
      "rating": null,
      "review_count": null,
      "in_stock": true,
      "is_on_sale": false,
      "scraped_at": "2025-08-05T17:43:53.138Z",
      "page_number": 13,
      "source_url": "https://www.coles.com.au/browse/down-down?page=13",
      "is_sponsored": null
    },
    {
      "title": "Coles Kitchen Soup Chicken & Vegetable | 550g",
      "current_price": 5,
      "original_price": null,
      "discount_percentage": null,
      "discount_amount": null,
      "image_url": "https://www.coles.com.au/_next/image?url=https%3A%2F%2Fcdn.productimages.coles.com.au%2Fproductimages%2F9%2F9972216.jpg&w=640&q=90",
      "product_url": "https://www.coles.com.au/product/coles-kitchen-soup-chicken-and-vegetable-550g-9972216",
      "category": "down-down",
      "brand": null,
      "weight_size": null,
      "per_unit_price": "$0.91 per 100gWas $5.50 on Jun 2025",
      "rating": null,
      "review_count": null,
      "in_stock": true,
      "is_on_sale": false,
      "scraped_at": "2025-08-05T17:43:53.138Z",
      "page_number": 13,
      "source_url": "https://www.coles.com.au/browse/down-down?page=13",
      "is_sponsored": null
    },
    {
      "title": "Coles Kitchen Soup Potato Leek & Bacon | 550g",
      "current_price": 5,
      "original_price": null,
      "discount_percentage": null,
      "discount_amount": null,
      "image_url": "https://www.coles.com.au/_next/image?url=https%3A%2F%2Fcdn.productimages.coles.com.au%2Fproductimages%2F9%2F9985513.jpg&w=640&q=90",
      "product_url": "https://www.coles.com.au/product/coles-kitchen-soup-potato-leek-and-bacon-550g-9985513",
      "category": "down-down",
      "brand": null,
      "weight_size": null,
      "per_unit_price": "$0.91 per 100gWas $5.50 on Jun 2025",
      "rating": null,
      "review_count": null,
      "in_stock": true,
      "is_on_sale": false,
      "scraped_at": "2025-08-05T17:43:53.138Z",
      "page_number": 13,
      "source_url": "https://www.coles.com.au/browse/down-down?page=13",
      "is_sponsored": null
    },
    {
      "title": "Coles Beef Stir Fry | 500g",
      "current_price": 10.5,
      "original_price": null,
      "discount_percentage": null,
      "discount_amount": null,
      "image_url": "https://www.coles.com.au/_next/image?url=https%3A%2F%2Fcdn.productimages.coles.com.au%2Fproductimages%2F9%2F9990965.jpg&w=640&q=90",
      "product_url": "https://www.coles.com.au/product/coles-beef-stir-fry-500g-9990965",
      "category": "down-down",
      "brand": null,
      "weight_size": null,
      "per_unit_price": "$21.00 per 1kgWas $11.50 on Jun 2025",
      "rating": null,
      "review_count": null,
      "in_stock": true,
      "is_on_sale": false,
      "scraped_at": "2025-08-05T17:43:53.138Z",
      "page_number": 13,
      "source_url": "https://www.coles.com.au/browse/down-down?page=13",
      "is_sponsored": null
    }
  ],
  "summary": {
    "total_products": 32,
    "products_on_sale": 0,
    "products_with_ratings": 0,
    "average_price": 7.9890625,
    "price_range": {
      "min": 2.6,
      "max": 27
    }
  }
}