{
  "extraction_info": {
    "timestamp": "2025-08-05T17:42:49.030Z",
    "page_url": "https://www.coles.com.au/browse/down-down?page=6",
    "category": "down-down",
    "page_number": 6,
    "selector_set_used": "high_confidence",
    "total_products": 57,
    "total_elements_found": 57
  },
  "products": [
    {
      "title": "Capi All Australian Still Water 750ml | 750mL",
      "current_price": 2.95,
      "original_price": null,
      "discount_percentage": null,
      "discount_amount": null,
      "image_url": "https://www.coles.com.au/_next/image?url=https%3A%2F%2Fcdn.productimages.coles.com.au%2Fproductimages%2F4%2F4465797.jpg&w=640&q=90",
      "product_url": "https://www.coles.com.au/product/capi-all-australian-still-water-750ml-750ml-4465797",
      "category": "down-down",
      "brand": null,
      "weight_size": null,
      "per_unit_price": "$3.93 per 1LWas $3.40 on Jul 2025",
      "rating": null,
      "review_count": null,
      "in_stock": true,
      "is_on_sale": false,
      "scraped_at": "2025-08-05T17:42:49.029Z",
      "page_number": 6,
      "source_url": "https://www.coles.com.au/browse/down-down?page=6",
      "is_sponsored": null
    },
    {
      "title": "Moxie Pads Organic Day Regular | 10 pack",
      "current_price": 4.5,
      "original_price": null,
      "discount_percentage": null,
      "discount_amount": null,
      "image_url": "https://www.coles.com.au/_next/image?url=https%3A%2F%2Fcdn.productimages.coles.com.au%2Fproductimages%2F6%2F6127365.jpg&w=640&q=90",
      "product_url": "https://www.coles.com.au/product/moxie-pads-organic-day-regular-10-pack-6127365",
      "category": "down-down",
      "brand": null,
      "weight_size": null,
      "per_unit_price": "$0.45 per 1eaWas $5.90 on Jul 2025",
      "rating": null,
      "review_count": null,
      "in_stock": true,
      "is_on_sale": false,
      "scraped_at": "2025-08-05T17:42:49.029Z",
      "page_number": 6,
      "source_url": "https://www.coles.com.au/browse/down-down?page=6",
      "is_sponsored": true
    },
    {
      "title": "Moxie Pads Organic Overnight | 8 pack",
      "current_price": 4.5,
      "original_price": null,
      "discount_percentage": null,
      "discount_amount": null,
      "image_url": "https://www.coles.com.au/_next/image?url=https%3A%2F%2Fcdn.productimages.coles.com.au%2Fproductimages%2F6%2F6127263.jpg&w=640&q=90",
      "product_url": "https://www.coles.com.au/product/moxie-pads-organic-overnight-8-pack-6127263",
      "category": "down-down",
      "brand": null,
      "weight_size": null,
      "per_unit_price": "$0.56 per 1eaWas $5.90 on Jul 2025",
      "rating": null,
      "review_count": null,
      "in_stock": true,
      "is_on_sale": false,
      "scraped_at": "2025-08-05T17:42:49.029Z",
      "page_number": 6,
      "source_url": "https://www.coles.com.au/browse/down-down?page=6",
      "is_sponsored": true
    },
    {
      "title": "Moxie Tampons 100% Organic Cotton Regular | 16 pack",
      "current_price": 4.5,
      "original_price": null,
      "discount_percentage": null,
      "discount_amount": null,
      "image_url": "https://www.coles.com.au/_next/image?url=https%3A%2F%2Fcdn.productimages.coles.com.au%2Fproductimages%2F6%2F6126690.jpg&w=640&q=90",
      "product_url": "https://www.coles.com.au/product/moxie-tampons-100percent-organic-cotton-regular-16-pack-6126690",
      "category": "down-down",
      "brand": null,
      "weight_size": null,
      "per_unit_price": "$0.28 per 1eaWas $5.90 on Jul 2025",
      "rating": null,
      "review_count": null,
      "in_stock": true,
      "is_on_sale": false,
      "scraped_at": "2025-08-05T17:42:49.029Z",
      "page_number": 6,
      "source_url": "https://www.coles.com.au/browse/down-down?page=6",
      "is_sponsored": true
    },
    {
      "title": "Moxie Liners Organic Ultra Thin | 26 pack",
      "current_price": 4.5,
      "original_price": null,
      "discount_percentage": null,
      "discount_amount": null,
      "image_url": "https://www.coles.com.au/_next/image?url=https%3A%2F%2Fcdn.productimages.coles.com.au%2Fproductimages%2F6%2F6126792.jpg&w=640&q=90",
      "product_url": "https://www.coles.com.au/product/moxie-liners-organic-ultra-thin-26-pack-6126792",
      "category": "down-down",
      "brand": null,
      "weight_size": null,
      "per_unit_price": "$0.17 per 1eaWas $5.90 on Jul 2025",
      "rating": null,
      "review_count": null,
      "in_stock": true,
      "is_on_sale": false,
      "scraped_at": "2025-08-05T17:42:49.029Z",
      "page_number": 6,
      "source_url": "https://www.coles.com.au/browse/down-down?page=6",
      "is_sponsored": true
    },
    {
      "title": "Travacalm Ginger | 10 pack",
      "current_price": 4.5,
      "original_price": null,
      "discount_percentage": null,
      "discount_amount": null,
      "image_url": "https://www.coles.com.au/_next/image?url=https%3A%2F%2Fcdn.productimages.coles.com.au%2Fproductimages%2F6%2F6138179.jpg&w=640&q=90",
      "product_url": "https://www.coles.com.au/product/travacalm-ginger-10-pack-6138179",
      "category": "down-down",
      "brand": null,
      "weight_size": null,
      "per_unit_price": "$0.45 per 1eaWas $5.50 on Jul 2025",
      "rating": null,
      "review_count": null,
      "in_stock": true,
      "is_on_sale": false,
      "scraped_at": "2025-08-05T17:42:49.029Z",
      "page_number": 6,
      "source_url": "https://www.coles.com.au/browse/down-down?page=6",
      "is_sponsored": true
    },
    {
      "title": "Cold Power Advanced Clean Laundry Liquid | 4L",
      "current_price": 25,
      "original_price": null,
      "discount_percentage": null,
      "discount_amount": null,
      "image_url": "https://www.coles.com.au/_next/image?url=https%3A%2F%2Fcdn.productimages.coles.com.au%2Fproductimages%2F3%2F3774639.jpg&w=640&q=90",
      "product_url": "https://www.coles.com.au/product/cold-power-advanced-clean-laundry-liquid-4l-3774639",
      "category": "down-down",
      "brand": null,
      "weight_size": null,
      "per_unit_price": "$6.25 per 1LWas $36.00 on Jun 2025",
      "rating": null,
      "review_count": null,
      "in_stock": true,
      "is_on_sale": false,
      "scraped_at": "2025-08-05T17:42:49.029Z",
      "page_number": 6,
      "source_url": "https://www.coles.com.au/browse/down-down?page=6",
      "is_sponsored": true
    },
    {
      "title": "Riverina Haloumi | 180g",
      "current_price": 5.8,
      "original_price": null,
      "discount_percentage": null,
      "discount_amount": null,
      "image_url": "https://www.coles.com.au/_next/image?url=https%3A%2F%2Fcdn.productimages.coles.com.au%2Fproductimages%2F3%2F3842193.jpg&w=640&q=90",
      "product_url": "https://www.coles.com.au/product/riverina-haloumi-180g-3842193",
      "category": "down-down",
      "brand": null,
      "weight_size": null,
      "per_unit_price": "$32.22 per 1kgWas $6.60 on May 2025",
      "rating": null,
      "review_count": null,
      "in_stock": true,
      "is_on_sale": false,
      "scraped_at": "2025-08-05T17:42:49.029Z",
      "page_number": 6,
      "source_url": "https://www.coles.com.au/browse/down-down?page=6",
      "is_sponsored": true
    },
    {
      "title": "Schweppes Mixers Tonic Water | 1.1L",
      "current_price": 2,
      "original_price": null,
      "discount_percentage": null,
      "discount_amount": null,
      "image_url": "https://www.coles.com.au/_next/image?url=https%3A%2F%2Fcdn.productimages.coles.com.au%2Fproductimages%2F3%2F3014806.jpg&w=640&q=90",
      "product_url": "https://www.coles.com.au/product/schweppes-mixers-tonic-water-1.1l-3014806",
      "category": "down-down",
      "brand": null,
      "weight_size": null,
      "per_unit_price": "$1.82 per 1LWas $3.00 on Jun 2025",
      "rating": null,
      "review_count": null,
      "in_stock": true,
      "is_on_sale": false,
      "scraped_at": "2025-08-05T17:42:49.029Z",
      "page_number": 6,
      "source_url": "https://www.coles.com.au/browse/down-down?page=6",
      "is_sponsored": true
    },
    {
      "title": "Mum-mum Strawberry Rice Biscuits | 40g",
      "current_price": 2.85,
      "original_price": null,
      "discount_percentage": null,
      "discount_amount": null,
      "image_url": "https://www.coles.com.au/_next/image?url=https%3A%2F%2Fcdn.productimages.coles.com.au%2Fproductimages%2F8%2F8423085.jpg&w=640&q=90",
      "product_url": "https://www.coles.com.au/product/mum-mum-strawberry-rice-biscuits-40g-8423085",
      "category": "down-down",
      "brand": null,
      "weight_size": null,
      "per_unit_price": "$7.13 per 100gWas $3.85 on Jul 2025",
      "rating": null,
      "review_count": null,
      "in_stock": true,
      "is_on_sale": false,
      "scraped_at": "2025-08-05T17:42:49.029Z",
      "page_number": 6,
      "source_url": "https://www.coles.com.au/browse/down-down?page=6",
      "is_sponsored": true
    },
    {
      "title": "Clorox Liquid Plumr Urgent Clear | 502mL",
      "current_price": 9.9,
      "original_price": null,
      "discount_percentage": null,
      "discount_amount": null,
      "image_url": "https://www.coles.com.au/_next/image?url=https%3A%2F%2Fcdn.productimages.coles.com.au%2Fproductimages%2F4%2F4473274.jpg&w=640&q=90",
      "product_url": "https://www.coles.com.au/product/clorox-liquid-plumr-urgent-clear-502ml-4473274",
      "category": "down-down",
      "brand": null,
      "weight_size": null,
      "per_unit_price": "$1.97 per 100mLWas $12.00 on May 2025",
      "rating": null,
      "review_count": null,
      "in_stock": true,
      "is_on_sale": false,
      "scraped_at": "2025-08-05T17:42:49.029Z",
      "page_number": 6,
      "source_url": "https://www.coles.com.au/browse/down-down?page=6",
      "is_sponsored": null
    },
    {
      "title": "Haday Delicious Superior Light Soy Sauce | 500mL",
      "current_price": 3.2,
      "original_price": null,
      "discount_percentage": null,
      "discount_amount": null,
      "image_url": "https://www.coles.com.au/_next/image?url=https%3A%2F%2Fcdn.productimages.coles.com.au%2Fproductimages%2F4%2F4476090.jpg&w=640&q=90",
      "product_url": "https://www.coles.com.au/product/haday-delicious-superior-light-soy-sauce-500ml-4476090",
      "category": "down-down",
      "brand": null,
      "weight_size": null,
      "per_unit_price": "$0.64 per 100mLWas $3.60 on Jul 2025",
      "rating": null,
      "review_count": null,
      "in_stock": true,
      "is_on_sale": false,
      "scraped_at": "2025-08-05T17:42:49.029Z",
      "page_number": 6,
      "source_url": "https://www.coles.com.au/browse/down-down?page=6",
      "is_sponsored": null
    },
    {
      "title": "Haday Supreme Soy Sauce | 750mL",
      "current_price": 5.4,
      "original_price": null,
      "discount_percentage": null,
      "discount_amount": null,
      "image_url": "https://www.coles.com.au/_next/image?url=https%3A%2F%2Fcdn.productimages.coles.com.au%2Fproductimages%2F4%2F4476137.jpg&w=640&q=90",
      "product_url": "https://www.coles.com.au/product/haday-supreme-soy-sauce-750ml-4476137",
      "category": "down-down",
      "brand": null,
      "weight_size": null,
      "per_unit_price": "$0.72 per 100mLWas $6.00 on Jul 2025",
      "rating": null,
      "review_count": null,
      "in_stock": true,
      "is_on_sale": false,
      "scraped_at": "2025-08-05T17:42:49.029Z",
      "page_number": 6,
      "source_url": "https://www.coles.com.au/browse/down-down?page=6",
      "is_sponsored": null
    },
    {
      "title": "Veet Pure Hair Removal Cold Wax Strips Legs And Body | 40 pack",
      "current_price": 15,
      "original_price": null,
      "discount_percentage": null,
      "discount_amount": null,
      "image_url": "https://www.coles.com.au/_next/image?url=https%3A%2F%2Fcdn.productimages.coles.com.au%2Fproductimages%2F4%2F4476545.jpg&w=640&q=90",
      "product_url": "https://www.coles.com.au/product/veet-pure-hair-removal-cold-wax-strips-legs-and-body-40-pack-4476545",
      "category": "down-down",
      "brand": null,
      "weight_size": null,
      "per_unit_price": "$0.38 per 1eaWas $19.00 on May 2025",
      "rating": null,
      "review_count": null,
      "in_stock": true,
      "is_on_sale": false,
      "scraped_at": "2025-08-05T17:42:49.029Z",
      "page_number": 6,
      "source_url": "https://www.coles.com.au/browse/down-down?page=6",
      "is_sponsored": null
    },
    {
      "title": "Peters Original Twin Pole Vanilla Chocolate Ice Cream 8 Pack | 592mL",
      "current_price": 5.5,
      "original_price": null,
      "discount_percentage": null,
      "discount_amount": null,
      "image_url": "https://www.coles.com.au/_next/image?url=https%3A%2F%2Fcdn.productimages.coles.com.au%2Fproductimages%2F4%2F4477377.jpg&w=640&q=90",
      "product_url": "https://www.coles.com.au/product/peters-original-twin-pole-vanilla-chocolate-ice-cream-8-pack-592ml-4477377",
      "category": "down-down",
      "brand": null,
      "weight_size": null,
      "per_unit_price": "$0.93 per 100mLWas $8.00 on Jun 2025",
      "rating": null,
      "review_count": null,
      "in_stock": true,
      "is_on_sale": false,
      "scraped_at": "2025-08-05T17:42:49.029Z",
      "page_number": 6,
      "source_url": "https://www.coles.com.au/browse/down-down?page=6",
      "is_sponsored": null
    },
    {
      "title": "Peters Original Twin Pole Pineapple Raspberry Ice Blocks 8 Pack | 590mL",
      "current_price": 5.5,
      "original_price": null,
      "discount_percentage": null,
      "discount_amount": null,
      "image_url": "https://www.coles.com.au/_next/image?url=https%3A%2F%2Fcdn.productimages.coles.com.au%2Fproductimages%2F4%2F4477581.jpg&w=640&q=90",
      "product_url": "https://www.coles.com.au/product/peters-original-twin-pole-pineapple-raspberry-ice-blocks-8-pack-590ml-4477581",
      "category": "down-down",
      "brand": null,
      "weight_size": null,
      "per_unit_price": "$0.93 per 100mLWas $8.00 on Jun 2025",
      "rating": null,
      "review_count": null,
      "in_stock": true,
      "is_on_sale": false,
      "scraped_at": "2025-08-05T17:42:49.029Z",
      "page_number": 6,
      "source_url": "https://www.coles.com.au/browse/down-down?page=6",
      "is_sponsored": null
    },
    {
      "title": "The Sweetporium Co. Boysenberry Cheesecake | 1L",
      "current_price": 8,
      "original_price": null,
      "discount_percentage": null,
      "discount_amount": null,
      "image_url": "https://www.coles.com.au/_next/image?url=https%3A%2F%2Fcdn.productimages.coles.com.au%2Fproductimages%2F4%2F4494026.jpg&w=640&q=90",
      "product_url": "https://www.coles.com.au/product/the-sweetporium-co.-boysenberry-cheesecake-1l-4494026",
      "category": "down-down",
      "brand": null,
      "weight_size": null,
      "per_unit_price": "$0.80 per 100mLWas $10.00 on Jun 2025",
      "rating": null,
      "review_count": null,
      "in_stock": true,
      "is_on_sale": false,
      "scraped_at": "2025-08-05T17:42:49.029Z",
      "page_number": 6,
      "source_url": "https://www.coles.com.au/browse/down-down?page=6",
      "is_sponsored": null
    },
    {
      "title": "The Sweetporium Co Peanut Butter Cup | 1L",
      "current_price": 8,
      "original_price": null,
      "discount_percentage": null,
      "discount_amount": null,
      "image_url": "https://www.coles.com.au/_next/image?url=https%3A%2F%2Fcdn.productimages.coles.com.au%2Fproductimages%2F4%2F4494070.jpg&w=640&q=90",
      "product_url": "https://www.coles.com.au/product/the-sweetporium-co-peanut-butter-cup-1l-4494070",
      "category": "down-down",
      "brand": null,
      "weight_size": null,
      "per_unit_price": "$0.80 per 100mLWas $10.00 on Jun 2025",
      "rating": null,
      "review_count": null,
      "in_stock": true,
      "is_on_sale": false,
      "scraped_at": "2025-08-05T17:42:49.029Z",
      "page_number": 6,
      "source_url": "https://www.coles.com.au/browse/down-down?page=6",
      "is_sponsored": null
    },
    {
      "title": "Advil Ibuprofen Pain Relief Tablets | 24 Pack",
      "current_price": 4.95,
      "original_price": null,
      "discount_percentage": null,
      "discount_amount": null,
      "image_url": "https://www.coles.com.au/_next/image?url=https%3A%2F%2Fcdn.productimages.coles.com.au%2Fproductimages%2F4%2F4515126.jpg&w=640&q=90",
      "product_url": "https://www.coles.com.au/product/advil-ibuprofen-pain-relief-tablets-24-pack-4515126",
      "category": "down-down",
      "brand": null,
      "weight_size": null,
      "per_unit_price": "$0.21 per 1ea",
      "rating": null,
      "review_count": null,
      "in_stock": true,
      "is_on_sale": false,
      "scraped_at": "2025-08-05T17:42:49.029Z",
      "page_number": 6,
      "source_url": "https://www.coles.com.au/browse/down-down?page=6",
      "is_sponsored": null
    },
    {
      "title": "Hercules Twinzip Resealable Large Storage Bags | 15 pack",
      "current_price": 3.15,
      "original_price": null,
      "discount_percentage": null,
      "discount_amount": null,
      "image_url": "https://www.coles.com.au/_next/image?url=https%3A%2F%2Fcdn.productimages.coles.com.au%2Fproductimages%2F4%2F4582032.jpg&w=640&q=90",
      "product_url": "https://www.coles.com.au/product/hercules-twinzip-resealable-large-storage-bags-15-pack-4582032",
      "category": "down-down",
      "brand": null,
      "weight_size": null,
      "per_unit_price": "$0.21 per 1eaWas $3.50 on Jul 2025",
      "rating": null,
      "review_count": null,
      "in_stock": true,
      "is_on_sale": false,
      "scraped_at": "2025-08-05T17:42:49.029Z",
      "page_number": 6,
      "source_url": "https://www.coles.com.au/browse/down-down?page=6",
      "is_sponsored": null
    },
    {
      "title": "TRESemme Hairspray Salon Finish Extra Hold | 360g",
      "current_price": 7,
      "original_price": null,
      "discount_percentage": null,
      "discount_amount": null,
      "image_url": "https://www.coles.com.au/_next/image?url=https%3A%2F%2Fcdn.productimages.coles.com.au%2Fproductimages%2F4%2F4583829.jpg&w=640&q=90",
      "product_url": "https://www.coles.com.au/product/tresemme-hairspray-salon-finish-extra-hold-360g-4583829",
      "category": "down-down",
      "brand": null,
      "weight_size": null,
      "per_unit_price": "$1.94 per 100gWas $9.00 on Jun 2025",
      "rating": null,
      "review_count": null,
      "in_stock": true,
      "is_on_sale": false,
      "scraped_at": "2025-08-05T17:42:49.029Z",
      "page_number": 6,
      "source_url": "https://www.coles.com.au/browse/down-down?page=6",
      "is_sponsored": null
    },
    {
      "title": "Libra Regular Tampons | 32 pack",
      "current_price": 8,
      "original_price": null,
      "discount_percentage": null,
      "discount_amount": null,
      "image_url": "https://www.coles.com.au/_next/image?url=https%3A%2F%2Fcdn.productimages.coles.com.au%2Fproductimages%2F4%2F459544.jpg&w=640&q=90",
      "product_url": "https://www.coles.com.au/product/libra-regular-tampons-32-pack-459544",
      "category": "down-down",
      "brand": null,
      "weight_size": null,
      "per_unit_price": "$0.25 per 1eaWas $9.00 on Jun 2025",
      "rating": null,
      "review_count": null,
      "in_stock": true,
      "is_on_sale": false,
      "scraped_at": "2025-08-05T17:42:49.029Z",
      "page_number": 6,
      "source_url": "https://www.coles.com.au/browse/down-down?page=6",
      "is_sponsored": null
    },
    {
      "title": "Libra Super Tampons | 32 pack",
      "current_price": 8,
      "original_price": null,
      "discount_percentage": null,
      "discount_amount": null,
      "image_url": "https://www.coles.com.au/_next/image?url=https%3A%2F%2Fcdn.productimages.coles.com.au%2Fproductimages%2F4%2F459566.jpg&w=640&q=90",
      "product_url": "https://www.coles.com.au/product/libra-super-tampons-32-pack-459566",
      "category": "down-down",
      "brand": null,
      "weight_size": null,
      "per_unit_price": "$0.25 per 1eaWas $9.00 on Jun 2025",
      "rating": null,
      "review_count": null,
      "in_stock": true,
      "is_on_sale": false,
      "scraped_at": "2025-08-05T17:42:49.029Z",
      "page_number": 6,
      "source_url": "https://www.coles.com.au/browse/down-down?page=6",
      "is_sponsored": null
    },
    {
      "title": "Saxa Iodised Sea Salt Grinder | 90g",
      "current_price": 4.8,
      "original_price": null,
      "discount_percentage": null,
      "discount_amount": null,
      "image_url": "https://www.coles.com.au/_next/image?url=https%3A%2F%2Fcdn.productimages.coles.com.au%2Fproductimages%2F4%2F4634056.jpg&w=640&q=90",
      "product_url": "https://www.coles.com.au/product/saxa-iodised-sea-salt-grinder-90g-4634056",
      "category": "down-down",
      "brand": null,
      "weight_size": null,
      "per_unit_price": "$0.53 per 10gWas $5.50 on Jun 2025",
      "rating": null,
      "review_count": null,
      "in_stock": true,
      "is_on_sale": false,
      "scraped_at": "2025-08-05T17:42:49.029Z",
      "page_number": 6,
      "source_url": "https://www.coles.com.au/browse/down-down?page=6",
      "is_sponsored": null
    },
    {
      "title": "Botanica By Air Wick Scented Candle Vanilla & Himalayan Magnol ... 1 each",
      "current_price": 20,
      "original_price": null,
      "discount_percentage": null,
      "discount_amount": null,
      "image_url": "https://www.coles.com.au/_next/image?url=https%3A%2F%2Fcdn.productimages.coles.com.au%2Fproductimages%2F4%2F4661343.jpg&w=640&q=90",
      "product_url": "https://www.coles.com.au/product/botanica-by-air-wick-scented-candle-vanilla-and-himalayan-magnolia-1-each-4661343",
      "category": "down-down",
      "brand": null,
      "weight_size": null,
      "per_unit_price": "$20.00 per 1eaWas $35.00 on Jun 2025",
      "rating": null,
      "review_count": null,
      "in_stock": true,
      "is_on_sale": false,
      "scraped_at": "2025-08-05T17:42:49.029Z",
      "page_number": 6,
      "source_url": "https://www.coles.com.au/browse/down-down?page=6",
      "is_sponsored": null
    },
    {
      "title": "Botanica By Air Wick Scented Candle Caribbean Vetiver & Sandalw ... 1 each",
      "current_price": 20,
      "original_price": null,
      "discount_percentage": null,
      "discount_amount": null,
      "image_url": "https://www.coles.com.au/_next/image?url=https%3A%2F%2Fcdn.productimages.coles.com.au%2Fproductimages%2F4%2F4661354.jpg&w=640&q=90",
      "product_url": "https://www.coles.com.au/product/botanica-by-air-wick-scented-candle-caribbean-vetiver-and-sandalwood-1-each-4661354",
      "category": "down-down",
      "brand": null,
      "weight_size": null,
      "per_unit_price": "$20.00 per 1eaWas $35.00 on Jun 2025",
      "rating": null,
      "review_count": null,
      "in_stock": true,
      "is_on_sale": false,
      "scraped_at": "2025-08-05T17:42:49.029Z",
      "page_number": 6,
      "source_url": "https://www.coles.com.au/browse/down-down?page=6",
      "is_sponsored": null
    },
    {
      "title": "Luv A Duck Frozen Whole Duck | 2.1kg",
      "current_price": 19,
      "original_price": null,
      "discount_percentage": null,
      "discount_amount": null,
      "image_url": "https://www.coles.com.au/_next/image?url=https%3A%2F%2Fcdn.productimages.coles.com.au%2Fproductimages%2F4%2F4683889.jpg&w=640&q=90",
      "product_url": "https://www.coles.com.au/product/luv-a-duck-frozen-whole-duck-2.1kg-4683889",
      "category": "down-down",
      "brand": null,
      "weight_size": null,
      "per_unit_price": "$9.05 per 1kgWas $28.30 on Jul 2025",
      "rating": null,
      "review_count": null,
      "in_stock": true,
      "is_on_sale": false,
      "scraped_at": "2025-08-05T17:42:49.029Z",
      "page_number": 6,
      "source_url": "https://www.coles.com.au/browse/down-down?page=6",
      "is_sponsored": null
    },
    {
      "title": "Youfoodz Fueld Portuguese Chicken & Rice | 430g",
      "current_price": 10.8,
      "original_price": null,
      "discount_percentage": null,
      "discount_amount": null,
      "image_url": "https://www.coles.com.au/_next/image?url=https%3A%2F%2Fcdn.productimages.coles.com.au%2Fproductimages%2F4%2F4687325.jpg&w=640&q=90",
      "product_url": "https://www.coles.com.au/product/youfoodz-fueld-portuguese-chicken-and-rice-430g-4687325",
      "category": "down-down",
      "brand": null,
      "weight_size": null,
      "per_unit_price": "$2.51 per 100gWas $12.00 on Jun 2025",
      "rating": null,
      "review_count": null,
      "in_stock": true,
      "is_on_sale": false,
      "scraped_at": "2025-08-05T17:42:49.029Z",
      "page_number": 6,
      "source_url": "https://www.coles.com.au/browse/down-down?page=6",
      "is_sponsored": null
    },
    {
      "title": "Youfoodz Fueld Chipotle Fried Chicken | 400g",
      "current_price": 10.8,
      "original_price": null,
      "discount_percentage": null,
      "discount_amount": null,
      "image_url": "https://www.coles.com.au/_next/image?url=https%3A%2F%2Fcdn.productimages.coles.com.au%2Fproductimages%2F4%2F4688215.jpg&w=640&q=90",
      "product_url": "https://www.coles.com.au/product/youfoodz-fueld-chipotle-fried-chicken-400g-4688215",
      "category": "down-down",
      "brand": null,
      "weight_size": null,
      "per_unit_price": "$2.70 per 100gWas $12.00 on Jun 2025",
      "rating": null,
      "review_count": null,
      "in_stock": true,
      "is_on_sale": false,
      "scraped_at": "2025-08-05T17:42:49.029Z",
      "page_number": 6,
      "source_url": "https://www.coles.com.au/browse/down-down?page=6",
      "is_sponsored": null
    },
    {
      "title": "The Man Shake Meal Replacement Variety 14 Pack | 784g",
      "current_price": 50,
      "original_price": null,
      "discount_percentage": null,
      "discount_amount": null,
      "image_url": "https://www.coles.com.au/_next/image?url=https%3A%2F%2Fcdn.productimages.coles.com.au%2Fproductimages%2F4%2F4791214.jpg&w=640&q=90",
      "product_url": "https://www.coles.com.au/product/the-man-shake-meal-replacement-variety-14-pack-784g-4791214",
      "category": "down-down",
      "brand": null,
      "weight_size": null,
      "per_unit_price": "$6.38 per 100gWas $55.00 on Jul 2025",
      "rating": null,
      "review_count": null,
      "in_stock": true,
      "is_on_sale": false,
      "scraped_at": "2025-08-05T17:42:49.029Z",
      "page_number": 6,
      "source_url": "https://www.coles.com.au/browse/down-down?page=6",
      "is_sponsored": null
    },
    {
      "title": "The Lady Shake Meal Replacement Variety 14 Pack | 784g",
      "current_price": 50,
      "original_price": null,
      "discount_percentage": null,
      "discount_amount": null,
      "image_url": "https://www.coles.com.au/_next/image?url=https%3A%2F%2Fcdn.productimages.coles.com.au%2Fproductimages%2F4%2F4791225.jpg&w=640&q=90",
      "product_url": "https://www.coles.com.au/product/the-lady-shake-meal-replacement-variety-14-pack-784g-4791225",
      "category": "down-down",
      "brand": null,
      "weight_size": null,
      "per_unit_price": "$6.38 per 100gWas $55.00 on Jul 2025",
      "rating": null,
      "review_count": null,
      "in_stock": true,
      "is_on_sale": false,
      "scraped_at": "2025-08-05T17:42:49.029Z",
      "page_number": 6,
      "source_url": "https://www.coles.com.au/browse/down-down?page=6",
      "is_sponsored": null
    },
    {
      "title": "Golden Circle Apricot Nectar Tetra Juice Drink | 1L",
      "current_price": 3.25,
      "original_price": null,
      "discount_percentage": null,
      "discount_amount": null,
      "image_url": "https://www.coles.com.au/_next/image?url=https%3A%2F%2Fcdn.productimages.coles.com.au%2Fproductimages%2F4%2F4801136.jpg&w=640&q=90",
      "product_url": "https://www.coles.com.au/product/golden-circle-apricot-nectar-tetra-juice-drink-1l-4801136",
      "category": "down-down",
      "brand": null,
      "weight_size": null,
      "per_unit_price": "$3.25 per 1LWas $3.60 on Jun 2025",
      "rating": null,
      "review_count": null,
      "in_stock": true,
      "is_on_sale": false,
      "scraped_at": "2025-08-05T17:42:49.029Z",
      "page_number": 6,
      "source_url": "https://www.coles.com.au/browse/down-down?page=6",
      "is_sponsored": null
    },
    {
      "title": "Golden Circle Guava Nectar Tetra Fruit Drink | 1L",
      "current_price": 3.25,
      "original_price": null,
      "discount_percentage": null,
      "discount_amount": null,
      "image_url": "https://www.coles.com.au/_next/image?url=https%3A%2F%2Fcdn.productimages.coles.com.au%2Fproductimages%2F4%2F4801850.jpg&w=640&q=90",
      "product_url": "https://www.coles.com.au/product/golden-circle-guava-nectar-tetra-fruit-drink-1l-4801850",
      "category": "down-down",
      "brand": null,
      "weight_size": null,
      "per_unit_price": "$3.25 per 1LWas $3.60 on Jun 2025",
      "rating": null,
      "review_count": null,
      "in_stock": true,
      "is_on_sale": false,
      "scraped_at": "2025-08-05T17:42:49.029Z",
      "page_number": 6,
      "source_url": "https://www.coles.com.au/browse/down-down?page=6",
      "is_sponsored": null
    },
    {
      "title": "Mylanta 2go Antacid Double Strength Chewable Tablets Lemon Mint | 48 Pack",
      "current_price": 13,
      "original_price": null,
      "discount_percentage": null,
      "discount_amount": null,
      "image_url": "https://www.coles.com.au/_next/image?url=https%3A%2F%2Fcdn.productimages.coles.com.au%2Fproductimages%2F4%2F4804940.jpg&w=640&q=90",
      "product_url": "https://www.coles.com.au/product/mylanta-2go-antacid-double-strength-chewable-tablets-lemon-mint-48-pack-4804940",
      "category": "down-down",
      "brand": null,
      "weight_size": null,
      "per_unit_price": "$0.27 per 1eaWas $15.00 on Jun 2025",
      "rating": null,
      "review_count": null,
      "in_stock": true,
      "is_on_sale": false,
      "scraped_at": "2025-08-05T17:42:49.029Z",
      "page_number": 6,
      "source_url": "https://www.coles.com.au/browse/down-down?page=6",
      "is_sponsored": null
    },
    {
      "title": "Coles Finest By Laurent Black Olive And Chilli Vienna | 1 each",
      "current_price": 6.25,
      "original_price": null,
      "discount_percentage": null,
      "discount_amount": null,
      "image_url": "https://www.coles.com.au/_next/image?url=https%3A%2F%2Fcdn.productimages.coles.com.au%2Fproductimages%2F4%2F4819379.jpg&w=640&q=90",
      "product_url": "https://www.coles.com.au/product/coles-finest-by-laurent-black-olive-and-chilli-vienna-1-each-4819379",
      "category": "down-down",
      "brand": null,
      "weight_size": null,
      "per_unit_price": "$6.25 per 1eaWas $7.00 on Jun 2025",
      "rating": null,
      "review_count": null,
      "in_stock": true,
      "is_on_sale": false,
      "scraped_at": "2025-08-05T17:42:49.029Z",
      "page_number": 6,
      "source_url": "https://www.coles.com.au/browse/down-down?page=6",
      "is_sponsored": null
    },
    {
      "title": "Coles Finest By Laurent 7 Seed & Grain Vienna | 1 each",
      "current_price": 6.25,
      "original_price": null,
      "discount_percentage": null,
      "discount_amount": null,
      "image_url": "https://www.coles.com.au/_next/image?url=https%3A%2F%2Fcdn.productimages.coles.com.au%2Fproductimages%2F4%2F4819380.jpg&w=640&q=90",
      "product_url": "https://www.coles.com.au/product/coles-finest-by-laurent-7-seed-and-grain-vienna-1-each-4819380",
      "category": "down-down",
      "brand": null,
      "weight_size": null,
      "per_unit_price": "$6.25 per 1eaWas $7.00 on Jun 2025",
      "rating": null,
      "review_count": null,
      "in_stock": true,
      "is_on_sale": false,
      "scraped_at": "2025-08-05T17:42:49.029Z",
      "page_number": 6,
      "source_url": "https://www.coles.com.au/browse/down-down?page=6",
      "is_sponsored": null
    },
    {
      "title": "Nuttelex Spread Reduced Fat | 500g",
      "current_price": 4.5,
      "original_price": null,
      "discount_percentage": null,
      "discount_amount": null,
      "image_url": "https://www.coles.com.au/_next/image?url=https%3A%2F%2Fcdn.productimages.coles.com.au%2Fproductimages%2F4%2F4844820.jpg&w=640&q=90",
      "product_url": "https://www.coles.com.au/product/nuttelex-spread-reduced-fat-500g-4844820",
      "category": "down-down",
      "brand": null,
      "weight_size": null,
      "per_unit_price": "$0.90 per 100gWas $5.20 on Oct 2023",
      "rating": null,
      "review_count": null,
      "in_stock": true,
      "is_on_sale": false,
      "scraped_at": "2025-08-05T17:42:49.029Z",
      "page_number": 6,
      "source_url": "https://www.coles.com.au/browse/down-down?page=6",
      "is_sponsored": null
    },
    {
      "title": "Coles Skin On Southern Blue Whiting Fillets | 1kg",
      "current_price": 11,
      "original_price": null,
      "discount_percentage": null,
      "discount_amount": null,
      "image_url": "https://www.coles.com.au/_next/image?url=https%3A%2F%2Fcdn.productimages.coles.com.au%2Fproductimages%2F4%2F4847192.jpg&w=640&q=90",
      "product_url": "https://www.coles.com.au/product/coles-skin-on-southern-blue-whiting-fillets-1kg-4847192",
      "category": "down-down",
      "brand": null,
      "weight_size": null,
      "per_unit_price": "$11.00 per 1kgWas $12.00 on Jun 2025",
      "rating": null,
      "review_count": null,
      "in_stock": true,
      "is_on_sale": false,
      "scraped_at": "2025-08-05T17:42:49.029Z",
      "page_number": 6,
      "source_url": "https://www.coles.com.au/browse/down-down?page=6",
      "is_sponsored": null
    },
    {
      "title": "Lavazza Espresso Barista Intenso Coffee Beans | 500g",
      "current_price": 18,
      "original_price": null,
      "discount_percentage": null,
      "discount_amount": null,
      "image_url": "https://www.coles.com.au/_next/image?url=https%3A%2F%2Fcdn.productimages.coles.com.au%2Fproductimages%2F4%2F4875096.jpg&w=640&q=90",
      "product_url": "https://www.coles.com.au/product/lavazza-espresso-barista-intenso-coffee-beans-500g-4875096",
      "category": "down-down",
      "brand": null,
      "weight_size": null,
      "per_unit_price": "$3.60 per 100gWas $31.00 on May 2025",
      "rating": null,
      "review_count": null,
      "in_stock": true,
      "is_on_sale": false,
      "scraped_at": "2025-08-05T17:42:49.029Z",
      "page_number": 6,
      "source_url": "https://www.coles.com.au/browse/down-down?page=6",
      "is_sponsored": null
    },
    {
      "title": "Air Wick Essential Mist Happiness Pineapple-peach & Wild Mint Diffuser | 20mL",
      "current_price": 17.5,
      "original_price": null,
      "discount_percentage": null,
      "discount_amount": null,
      "image_url": "https://www.coles.com.au/_next/image?url=https%3A%2F%2Fcdn.productimages.coles.com.au%2Fproductimages%2F4%2F4882932.jpg&w=640&q=90",
      "product_url": "https://www.coles.com.au/product/air-wick-essential-mist-happiness-pineapple-peach-and-wild-mint-diffuser-20ml-4882932",
      "category": "down-down",
      "brand": null,
      "weight_size": null,
      "per_unit_price": "$8.75 per 10mLWas $35.00 on Jun 2025",
      "rating": null,
      "review_count": null,
      "in_stock": true,
      "is_on_sale": false,
      "scraped_at": "2025-08-05T17:42:49.029Z",
      "page_number": 6,
      "source_url": "https://www.coles.com.au/browse/down-down?page=6",
      "is_sponsored": null
    },
    {
      "title": "Australia's Own Organic Oat Milk | 1L",
      "current_price": 2.8,
      "original_price": null,
      "discount_percentage": null,
      "discount_amount": null,
      "image_url": "https://www.coles.com.au/_next/image?url=https%3A%2F%2Fcdn.productimages.coles.com.au%2Fproductimages%2F4%2F4930638.jpg&w=640&q=90",
      "product_url": "https://www.coles.com.au/product/australia's-own-organic-oat-milk-1l-4930638",
      "category": "down-down",
      "brand": null,
      "weight_size": null,
      "per_unit_price": "$2.80 per 1LWas $3.50 on May 2025",
      "rating": null,
      "review_count": null,
      "in_stock": true,
      "is_on_sale": false,
      "scraped_at": "2025-08-05T17:42:49.029Z",
      "page_number": 6,
      "source_url": "https://www.coles.com.au/browse/down-down?page=6",
      "is_sponsored": null
    },
    {
      "title": "Coles Ultimate Cookies 40% Chocolate Chip | 400g",
      "current_price": 6,
      "original_price": null,
      "discount_percentage": null,
      "discount_amount": null,
      "image_url": "https://www.coles.com.au/_next/image?url=https%3A%2F%2Fcdn.productimages.coles.com.au%2Fproductimages%2F4%2F4953000.jpg&w=640&q=90",
      "product_url": "https://www.coles.com.au/product/coles-ultimate-cookies-40percent-chocolate-chip-400g-4953000",
      "category": "down-down",
      "brand": null,
      "weight_size": null,
      "per_unit_price": "$1.50 per 100gWas $6.50 on Jul 2025",
      "rating": null,
      "review_count": null,
      "in_stock": true,
      "is_on_sale": false,
      "scraped_at": "2025-08-05T17:42:49.029Z",
      "page_number": 6,
      "source_url": "https://www.coles.com.au/browse/down-down?page=6",
      "is_sponsored": null
    },
    {
      "title": "Nyal Ibuprofen Tablets | 24 pack",
      "current_price": 4,
      "original_price": null,
      "discount_percentage": null,
      "discount_amount": null,
      "image_url": "https://www.coles.com.au/_next/image?url=https%3A%2F%2Fcdn.productimages.coles.com.au%2Fproductimages%2F4%2F4968437.jpg&w=640&q=90",
      "product_url": "https://www.coles.com.au/product/nyal-ibuprofen-tablets-24-pack-4968437",
      "category": "down-down",
      "brand": null,
      "weight_size": null,
      "per_unit_price": "$0.17 per 1eaWas $5.00 on Jun 2025",
      "rating": null,
      "review_count": null,
      "in_stock": true,
      "is_on_sale": false,
      "scraped_at": "2025-08-05T17:42:49.029Z",
      "page_number": 6,
      "source_url": "https://www.coles.com.au/browse/down-down?page=6",
      "is_sponsored": null
    },
    {
      "title": "Nyal Cold & Flu Fighter Day & Night Tablets | 24 pack",
      "current_price": 11.5,
      "original_price": null,
      "discount_percentage": null,
      "discount_amount": null,
      "image_url": "https://www.coles.com.au/_next/image?url=https%3A%2F%2Fcdn.productimages.coles.com.au%2Fproductimages%2F4%2F4968470.jpg&w=640&q=90",
      "product_url": "https://www.coles.com.au/product/nyal-cold-and-flu-fighter-day-and-night-tablets-24-pack-4968470",
      "category": "down-down",
      "brand": null,
      "weight_size": null,
      "per_unit_price": "$0.48 per 1eaWas $15.00 on Jun 2025",
      "rating": null,
      "review_count": null,
      "in_stock": true,
      "is_on_sale": false,
      "scraped_at": "2025-08-05T17:42:49.029Z",
      "page_number": 6,
      "source_url": "https://www.coles.com.au/browse/down-down?page=6",
      "is_sponsored": null
    },
    {
      "title": "Difflam Soothing Drops + Immune Support Honey & Lemon | 20 pack",
      "current_price": 4.55,
      "original_price": null,
      "discount_percentage": null,
      "discount_amount": null,
      "image_url": "https://www.coles.com.au/_next/image?url=https%3A%2F%2Fcdn.productimages.coles.com.au%2Fproductimages%2F4%2F4969076.jpg&w=640&q=90",
      "product_url": "https://www.coles.com.au/product/difflam-soothing-drops-+-immune-support-honey-and-lemon-20-pack-4969076",
      "category": "down-down",
      "brand": null,
      "weight_size": null,
      "per_unit_price": "$0.23 per 1eaWas $6.50 on Jun 2025",
      "rating": null,
      "review_count": null,
      "in_stock": true,
      "is_on_sale": false,
      "scraped_at": "2025-08-05T17:42:49.029Z",
      "page_number": 6,
      "source_url": "https://www.coles.com.au/browse/down-down?page=6",
      "is_sponsored": null
    },
    {
      "title": "Difflam Plus Lozengers Anaesthetic Honey & Lemon | 32 pack",
      "current_price": 13.3,
      "original_price": null,
      "discount_percentage": null,
      "discount_amount": null,
      "image_url": "https://www.coles.com.au/_next/image?url=https%3A%2F%2Fcdn.productimages.coles.com.au%2Fproductimages%2F4%2F4969101.jpg&w=640&q=90",
      "product_url": "https://www.coles.com.au/product/difflam-plus-lozengers-anaesthetic-honey-and-lemon-32-pack-4969101",
      "category": "down-down",
      "brand": null,
      "weight_size": null,
      "per_unit_price": "$0.42 per 1eaWas $19.00 on Jun 2025",
      "rating": null,
      "review_count": null,
      "in_stock": true,
      "is_on_sale": false,
      "scraped_at": "2025-08-05T17:42:49.029Z",
      "page_number": 6,
      "source_url": "https://www.coles.com.au/browse/down-down?page=6",
      "is_sponsored": null
    },
    {
      "title": "Double D Manuka Honey Eucalyptus Lozengers | 16 pack",
      "current_price": 5,
      "original_price": null,
      "discount_percentage": null,
      "discount_amount": null,
      "image_url": "https://www.coles.com.au/_next/image?url=https%3A%2F%2Fcdn.productimages.coles.com.au%2Fproductimages%2F4%2F4970235.jpg&w=640&q=90",
      "product_url": "https://www.coles.com.au/product/double-d-manuka-honey-eucalyptus-lozengers-16-pack-4970235",
      "category": "down-down",
      "brand": null,
      "weight_size": null,
      "per_unit_price": "$0.31 per 1eaWas $6.50 on May 2025",
      "rating": null,
      "review_count": null,
      "in_stock": true,
      "is_on_sale": false,
      "scraped_at": "2025-08-05T17:42:49.029Z",
      "page_number": 6,
      "source_url": "https://www.coles.com.au/browse/down-down?page=6",
      "is_sponsored": null
    },
    {
      "title": "Queen Victoria Tea Sleepy Blend Tea Bags | 18 pack",
      "current_price": 4.5,
      "original_price": null,
      "discount_percentage": null,
      "discount_amount": null,
      "image_url": "https://www.coles.com.au/_next/image?url=https%3A%2F%2Fcdn.productimages.coles.com.au%2Fproductimages%2F4%2F4971759.jpg&w=640&q=90",
      "product_url": "https://www.coles.com.au/product/queen-victoria-tea-sleepy-blend-tea-bags-18-pack-4971759",
      "category": "down-down",
      "brand": null,
      "weight_size": null,
      "per_unit_price": "$0.25 per 1eaWas $7.00 on May 2025",
      "rating": null,
      "review_count": null,
      "in_stock": true,
      "is_on_sale": false,
      "scraped_at": "2025-08-05T17:42:49.029Z",
      "page_number": 6,
      "source_url": "https://www.coles.com.au/browse/down-down?page=6",
      "is_sponsored": null
    },
    {
      "title": "Queen Victoria Tea Digest Blend Tea Bags | 18 pack",
      "current_price": 4.5,
      "original_price": null,
      "discount_percentage": null,
      "discount_amount": null,
      "image_url": "https://www.coles.com.au/_next/image?url=https%3A%2F%2Fcdn.productimages.coles.com.au%2Fproductimages%2F4%2F4971770.jpg&w=640&q=90",
      "product_url": "https://www.coles.com.au/product/queen-victoria-tea-digest-blend-tea-bags-18-pack-4971770",
      "category": "down-down",
      "brand": null,
      "weight_size": null,
      "per_unit_price": "$0.25 per 1eaWas $7.00 on May 2025",
      "rating": null,
      "review_count": null,
      "in_stock": true,
      "is_on_sale": false,
      "scraped_at": "2025-08-05T17:42:49.029Z",
      "page_number": 6,
      "source_url": "https://www.coles.com.au/browse/down-down?page=6",
      "is_sponsored": null
    },
    {
      "title": "Queen Victoria Tea Calming Blend Tea Bags | 18 pack",
      "current_price": 4.5,
      "original_price": null,
      "discount_percentage": null,
      "discount_amount": null,
      "image_url": "https://www.coles.com.au/_next/image?url=https%3A%2F%2Fcdn.productimages.coles.com.au%2Fproductimages%2F4%2F4971806.jpg&w=640&q=90",
      "product_url": "https://www.coles.com.au/product/queen-victoria-tea-calming-blend-tea-bags-18-pack-4971806",
      "category": "down-down",
      "brand": null,
      "weight_size": null,
      "per_unit_price": "$0.25 per 1eaWas $7.00 on May 2025",
      "rating": null,
      "review_count": null,
      "in_stock": true,
      "is_on_sale": false,
      "scraped_at": "2025-08-05T17:42:49.029Z",
      "page_number": 6,
      "source_url": "https://www.coles.com.au/browse/down-down?page=6",
      "is_sponsored": null
    },
    {
      "title": "Pampas Frozen Shortcrust Pastry Sheets 5 Pack | 1kg",
      "current_price": 6,
      "original_price": null,
      "discount_percentage": null,
      "discount_amount": null,
      "image_url": "https://www.coles.com.au/_next/image?url=https%3A%2F%2Fcdn.productimages.coles.com.au%2Fproductimages%2F4%2F4972387.jpg&w=640&q=90",
      "product_url": "https://www.coles.com.au/product/pampas-frozen-shortcrust-pastry-sheets-5-pack-1kg-4972387",
      "category": "down-down",
      "brand": null,
      "weight_size": null,
      "per_unit_price": "$0.60 per 100gWas $7.00 on Jun 2025",
      "rating": null,
      "review_count": null,
      "in_stock": true,
      "is_on_sale": false,
      "scraped_at": "2025-08-05T17:42:49.029Z",
      "page_number": 6,
      "source_url": "https://www.coles.com.au/browse/down-down?page=6",
      "is_sponsored": null
    },
    {
      "title": "Coles Lightly Fruited Sultana Cake | 800g",
      "current_price": 5.6,
      "original_price": null,
      "discount_percentage": null,
      "discount_amount": null,
      "image_url": "https://www.coles.com.au/_next/image?url=https%3A%2F%2Fcdn.productimages.coles.com.au%2Fproductimages%2F4%2F4991100.jpg&w=640&q=90",
      "product_url": "https://www.coles.com.au/product/coles-lightly-fruited-sultana-cake-800g-4991100",
      "category": "down-down",
      "brand": null,
      "weight_size": null,
      "per_unit_price": "$0.70 per 100gWas $6.20 on Jul 2025",
      "rating": null,
      "review_count": null,
      "in_stock": true,
      "is_on_sale": false,
      "scraped_at": "2025-08-05T17:42:49.029Z",
      "page_number": 6,
      "source_url": "https://www.coles.com.au/browse/down-down?page=6",
      "is_sponsored": null
    },
    {
      "title": "TRESemme Hairspray Salon Finish Freeze Hold | 360g",
      "current_price": 7,
      "original_price": null,
      "discount_percentage": null,
      "discount_amount": null,
      "image_url": "https://www.coles.com.au/_next/image?url=https%3A%2F%2Fcdn.productimages.coles.com.au%2Fproductimages%2F5%2F5004574.jpg&w=640&q=90",
      "product_url": "https://www.coles.com.au/product/tresemme-hairspray-salon-finish-freeze-hold-360g-5004574",
      "category": "down-down",
      "brand": null,
      "weight_size": null,
      "per_unit_price": "$1.94 per 100gWas $9.00 on Jun 2025",
      "rating": null,
      "review_count": null,
      "in_stock": true,
      "is_on_sale": false,
      "scraped_at": "2025-08-05T17:42:49.029Z",
      "page_number": 6,
      "source_url": "https://www.coles.com.au/browse/down-down?page=6",
      "is_sponsored": null
    },
    {
      "title": "Nanna's Frozen Blackberry & Apple Pies 4 Pack | 450g",
      "current_price": 6.5,
      "original_price": null,
      "discount_percentage": null,
      "discount_amount": null,
      "image_url": "https://www.coles.com.au/_next/image?url=https%3A%2F%2Fcdn.productimages.coles.com.au%2Fproductimages%2F5%2F5006547.jpg&w=640&q=90",
      "product_url": "https://www.coles.com.au/product/nanna's-frozen-blackberry-and-apple-pies-4-pack-450g-5006547",
      "category": "down-down",
      "brand": null,
      "weight_size": null,
      "per_unit_price": "$1.44 per 100g",
      "rating": null,
      "review_count": null,
      "in_stock": true,
      "is_on_sale": false,
      "scraped_at": "2025-08-05T17:42:49.029Z",
      "page_number": 6,
      "source_url": "https://www.coles.com.au/browse/down-down?page=6",
      "is_sponsored": null
    },
    {
      "title": "Finish Quantum Lemon Dishwashing Tablets | 18 Pack",
      "current_price": 10,
      "original_price": null,
      "discount_percentage": null,
      "discount_amount": null,
      "image_url": "https://www.coles.com.au/_next/image?url=https%3A%2F%2Fcdn.productimages.coles.com.au%2Fproductimages%2F5%2F5019527.jpg&w=640&q=90",
      "product_url": "https://www.coles.com.au/product/finish-quantum-lemon-dishwashing-tablets-18-pack-5019527",
      "category": "down-down",
      "brand": null,
      "weight_size": null,
      "per_unit_price": "$0.56 per 1eaWas $11.00 on Jul 2025",
      "rating": null,
      "review_count": null,
      "in_stock": true,
      "is_on_sale": false,
      "scraped_at": "2025-08-05T17:42:49.029Z",
      "page_number": 6,
      "source_url": "https://www.coles.com.au/browse/down-down?page=6",
      "is_sponsored": null
    },
    {
      "title": "Bosisto's Eucalyptus Spray | 200g",
      "current_price": 8.5,
      "original_price": null,
      "discount_percentage": null,
      "discount_amount": null,
      "image_url": "https://www.coles.com.au/_next/image?url=https%3A%2F%2Fcdn.productimages.coles.com.au%2Fproductimages%2F5%2F5025053.jpg&w=640&q=90",
      "product_url": "https://www.coles.com.au/product/bosisto's-eucalyptus-spray-200g-5025053",
      "category": "down-down",
      "brand": null,
      "weight_size": null,
      "per_unit_price": "$4.25 per 100gWas $10.60 on Jul 2025",
      "rating": null,
      "review_count": null,
      "in_stock": true,
      "is_on_sale": false,
      "scraped_at": "2025-08-05T17:42:49.029Z",
      "page_number": 6,
      "source_url": "https://www.coles.com.au/browse/down-down?page=6",
      "is_sponsored": null
    },
    {
      "title": "Little Bellies Organic Pear & Vanilla Paws 10 Months+ | 12g",
      "current_price": 1.8,
      "original_price": null,
      "discount_percentage": null,
      "discount_amount": null,
      "image_url": "https://www.coles.com.au/_next/image?url=https%3A%2F%2Fcdn.productimages.coles.com.au%2Fproductimages%2F5%2F5025552.jpg&w=640&q=90",
      "product_url": "https://www.coles.com.au/product/little-bellies-organic-pear-and-vanilla-paws-10-months+-12g-5025552",
      "category": "down-down",
      "brand": null,
      "weight_size": null,
      "per_unit_price": "$15.00 per 100gWas $2.00 on May 2025",
      "rating": null,
      "review_count": null,
      "in_stock": true,
      "is_on_sale": false,
      "scraped_at": "2025-08-05T17:42:49.029Z",
      "page_number": 6,
      "source_url": "https://www.coles.com.au/browse/down-down?page=6",
      "is_sponsored": null
    }
  ],
  "summary": {
    "total_products": 57,
    "products_on_sale": 0,
    "products_with_ratings": 0,
    "average_price": 9.24824561403509,
    "price_range": {
      "min": 1.8,
      "max": 50
    }
  }
}