{
  "extraction_info": {
    "timestamp": "2025-08-05T17:42:57.403Z",
    "page_url": "https://www.coles.com.au/browse/down-down?page=7",
    "category": "down-down",
    "page_number": 7,
    "selector_set_used": "high_confidence",
    "total_products": 56,
    "total_elements_found": 56
  },
  "products": [
    {
      "title": "Quilton 3 Ply Unscented White Toilet Paper | 12 pack",
      "current_price": 7.6,
      "original_price": null,
      "discount_percentage": null,
      "discount_amount": null,
      "image_url": "https://www.coles.com.au/_next/image?url=https%3A%2F%2Fcdn.productimages.coles.com.au%2Fproductimages%2F5%2F5034134.jpg&w=640&q=90",
      "product_url": "https://www.coles.com.au/product/quilton-3-ply-unscented-white-toilet-paper-12-pack-5034134",
      "category": "down-down",
      "brand": null,
      "weight_size": null,
      "per_unit_price": "$0.35 per 100eaWas $8.50 on Jun 2025",
      "rating": null,
      "review_count": null,
      "in_stock": true,
      "is_on_sale": false,
      "scraped_at": "2025-08-05T17:42:57.402Z",
      "page_number": 7,
      "source_url": "https://www.coles.com.au/browse/down-down?page=7",
      "is_sponsored": null
    },
    {
      "title": "Devondale Regular Pat Butter | 250g",
      "current_price": 4.6,
      "original_price": null,
      "discount_percentage": null,
      "discount_amount": null,
      "image_url": "https://www.coles.com.au/_next/image?url=https%3A%2F%2Fcdn.productimages.coles.com.au%2Fproductimages%2F1%2F1778617.jpg&w=640&q=90",
      "product_url": "https://www.coles.com.au/product/devondale-regular-pat-butter-250g-1778617",
      "category": "down-down",
      "brand": null,
      "weight_size": null,
      "per_unit_price": "$1.84 per 100gWas $5.30 on Jul 2025",
      "rating": null,
      "review_count": null,
      "in_stock": true,
      "is_on_sale": false,
      "scraped_at": "2025-08-05T17:42:57.403Z",
      "page_number": 7,
      "source_url": "https://www.coles.com.au/browse/down-down?page=7",
      "is_sponsored": true
    },
    {
      "title": "Devondale Butter Block Unsalted | 250g",
      "current_price": 4.6,
      "original_price": null,
      "discount_percentage": null,
      "discount_amount": null,
      "image_url": "https://www.coles.com.au/_next/image?url=https%3A%2F%2Fcdn.productimages.coles.com.au%2Fproductimages%2F1%2F1985917.jpg&w=640&q=90",
      "product_url": "https://www.coles.com.au/product/devondale-butter-block-unsalted-250g-1985917",
      "category": "down-down",
      "brand": null,
      "weight_size": null,
      "per_unit_price": "$1.84 per 100gWas $5.30 on Jul 2025",
      "rating": null,
      "review_count": null,
      "in_stock": true,
      "is_on_sale": false,
      "scraped_at": "2025-08-05T17:42:57.403Z",
      "page_number": 7,
      "source_url": "https://www.coles.com.au/browse/down-down?page=7",
      "is_sponsored": true
    },
    {
      "title": "Libra Pads Goodnights Extra | 20 pack",
      "current_price": 8,
      "original_price": null,
      "discount_percentage": null,
      "discount_amount": null,
      "image_url": "https://www.coles.com.au/_next/image?url=https%3A%2F%2Fcdn.productimages.coles.com.au%2Fproductimages%2F6%2F6123091.jpg&w=640&q=90",
      "product_url": "https://www.coles.com.au/product/libra-pads-goodnights-extra-20-pack-6123091",
      "category": "down-down",
      "brand": null,
      "weight_size": null,
      "per_unit_price": "$0.40 per 1eaWas $10.00 on Jul 2025",
      "rating": null,
      "review_count": null,
      "in_stock": true,
      "is_on_sale": false,
      "scraped_at": "2025-08-05T17:42:57.403Z",
      "page_number": 7,
      "source_url": "https://www.coles.com.au/browse/down-down?page=7",
      "is_sponsored": true
    },
    {
      "title": "Infant's Friend Colic & Wind | 100mL",
      "current_price": 13.1,
      "original_price": null,
      "discount_percentage": null,
      "discount_amount": null,
      "image_url": "https://www.coles.com.au/_next/image?url=https%3A%2F%2Fcdn.productimages.coles.com.au%2Fproductimages%2F5%2F5254629.jpg&w=640&q=90",
      "product_url": "https://www.coles.com.au/product/infant's-friend-colic-and-wind-100ml-5254629",
      "category": "down-down",
      "brand": null,
      "weight_size": null,
      "per_unit_price": "$13.10 per 100mLWas $17.00 on Jul 2025",
      "rating": null,
      "review_count": null,
      "in_stock": true,
      "is_on_sale": false,
      "scraped_at": "2025-08-05T17:42:57.403Z",
      "page_number": 7,
      "source_url": "https://www.coles.com.au/browse/down-down?page=7",
      "is_sponsored": true
    },
    {
      "title": "Advil Ibuprofen Pain Relief Tablets | 24 Pack",
      "current_price": 4.95,
      "original_price": null,
      "discount_percentage": null,
      "discount_amount": null,
      "image_url": "https://www.coles.com.au/_next/image?url=https%3A%2F%2Fcdn.productimages.coles.com.au%2Fproductimages%2F4%2F4515126.jpg&w=640&q=90",
      "product_url": "https://www.coles.com.au/product/advil-ibuprofen-pain-relief-tablets-24-pack-4515126",
      "category": "down-down",
      "brand": null,
      "weight_size": null,
      "per_unit_price": "$0.21 per 1ea",
      "rating": null,
      "review_count": null,
      "in_stock": true,
      "is_on_sale": false,
      "scraped_at": "2025-08-05T17:42:57.403Z",
      "page_number": 7,
      "source_url": "https://www.coles.com.au/browse/down-down?page=7",
      "is_sponsored": true
    },
    {
      "title": "Riverina Fetta Greek Style | 200g",
      "current_price": 4.7,
      "original_price": null,
      "discount_percentage": null,
      "discount_amount": null,
      "image_url": "https://www.coles.com.au/_next/image?url=https%3A%2F%2Fcdn.productimages.coles.com.au%2Fproductimages%2F4%2F4360879.jpg&w=640&q=90",
      "product_url": "https://www.coles.com.au/product/riverina-fetta-greek-style-200g-4360879",
      "category": "down-down",
      "brand": null,
      "weight_size": null,
      "per_unit_price": "$23.50 per 1kgWas $5.30 on Jul 2025",
      "rating": null,
      "review_count": null,
      "in_stock": true,
      "is_on_sale": false,
      "scraped_at": "2025-08-05T17:42:57.403Z",
      "page_number": 7,
      "source_url": "https://www.coles.com.au/browse/down-down?page=7",
      "is_sponsored": true
    },
    {
      "title": "Danone The Ultimate Black Cherry Yoghurt 4x115g | 4 pack",
      "current_price": 4.5,
      "original_price": null,
      "discount_percentage": null,
      "discount_amount": null,
      "image_url": "https://www.coles.com.au/_next/image?url=https%3A%2F%2Fcdn.productimages.coles.com.au%2Fproductimages%2F3%2F3310183.jpg&w=640&q=90",
      "product_url": "https://www.coles.com.au/product/danone-the-ultimate-black-cherry-yoghurt-4x115g-4-pack-3310183",
      "category": "down-down",
      "brand": null,
      "weight_size": null,
      "per_unit_price": "$0.98 per 100gWas $5.75 on Jun 2025",
      "rating": null,
      "review_count": null,
      "in_stock": true,
      "is_on_sale": false,
      "scraped_at": "2025-08-05T17:42:57.403Z",
      "page_number": 7,
      "source_url": "https://www.coles.com.au/browse/down-down?page=7",
      "is_sponsored": true
    },
    {
      "title": "Danone The Ultimate Tropical Mango Yoghurt 4x115g | 4 pack",
      "current_price": 4.5,
      "original_price": null,
      "discount_percentage": null,
      "discount_amount": null,
      "image_url": "https://www.coles.com.au/_next/image?url=https%3A%2F%2Fcdn.productimages.coles.com.au%2Fproductimages%2F3%2F3310194.jpg&w=640&q=90",
      "product_url": "https://www.coles.com.au/product/danone-the-ultimate-tropical-mango-yoghurt-4x115g-4-pack-3310194",
      "category": "down-down",
      "brand": null,
      "weight_size": null,
      "per_unit_price": "$0.98 per 100gWas $5.75 on Jun 2025",
      "rating": null,
      "review_count": null,
      "in_stock": true,
      "is_on_sale": false,
      "scraped_at": "2025-08-05T17:42:57.403Z",
      "page_number": 7,
      "source_url": "https://www.coles.com.au/browse/down-down?page=7",
      "is_sponsored": true
    },
    {
      "title": "Danone The Ultimate Succulent Strawberry Yoghurt 4x115g | 4 pack",
      "current_price": 4.5,
      "original_price": null,
      "discount_percentage": null,
      "discount_amount": null,
      "image_url": "https://www.coles.com.au/_next/image?url=https%3A%2F%2Fcdn.productimages.coles.com.au%2Fproductimages%2F3%2F3310140.jpg&w=640&q=90",
      "product_url": "https://www.coles.com.au/product/danone-the-ultimate-succulent-strawberry-yoghurt-4x115g-4-pack-3310140",
      "category": "down-down",
      "brand": null,
      "weight_size": null,
      "per_unit_price": "$0.98 per 100gWas $5.75 on Jun 2025",
      "rating": null,
      "review_count": null,
      "in_stock": true,
      "is_on_sale": false,
      "scraped_at": "2025-08-05T17:42:57.403Z",
      "page_number": 7,
      "source_url": "https://www.coles.com.au/browse/down-down?page=7",
      "is_sponsored": true
    },
    {
      "title": "Coles Kitchen Chicken Style Soup Mix Kit | 450g",
      "current_price": 5,
      "original_price": null,
      "discount_percentage": null,
      "discount_amount": null,
      "image_url": "https://www.coles.com.au/_next/image?url=https%3A%2F%2Fcdn.productimages.coles.com.au%2Fproductimages%2F5%2F5040126.jpg&w=640&q=90",
      "product_url": "https://www.coles.com.au/product/coles-kitchen-chicken-style-soup-mix-kit-450g-5040126",
      "category": "down-down",
      "brand": null,
      "weight_size": null,
      "per_unit_price": "$11.11 per 1kgWas $6.00 on Jun 2025",
      "rating": null,
      "review_count": null,
      "in_stock": true,
      "is_on_sale": false,
      "scraped_at": "2025-08-05T17:42:57.403Z",
      "page_number": 7,
      "source_url": "https://www.coles.com.au/browse/down-down?page=7",
      "is_sponsored": null
    },
    {
      "title": "Coles Multigrain Dinner Rolls 6 Pack | 260g",
      "current_price": 2.9,
      "original_price": null,
      "discount_percentage": null,
      "discount_amount": null,
      "image_url": "https://www.coles.com.au/_next/image?url=https%3A%2F%2Fcdn.productimages.coles.com.au%2Fproductimages%2F1%2F1597124.jpg&w=640&q=90",
      "product_url": "https://www.coles.com.au/product/coles-multigrain-dinner-rolls-6-pack-260g-1597124",
      "category": "down-down",
      "brand": null,
      "weight_size": null,
      "per_unit_price": "$1.12 per 100g",
      "rating": null,
      "review_count": null,
      "in_stock": true,
      "is_on_sale": false,
      "scraped_at": "2025-08-05T17:42:57.403Z",
      "page_number": 7,
      "source_url": "https://www.coles.com.au/browse/down-down?page=7",
      "is_sponsored": null
    },
    {
      "title": "Coles Bakery Madeira Cake | 450g",
      "current_price": 3.1,
      "original_price": null,
      "discount_percentage": null,
      "discount_amount": null,
      "image_url": "https://www.coles.com.au/_next/image?url=https%3A%2F%2Fcdn.productimages.coles.com.au%2Fproductimages%2F5%2F5057311.jpg&w=640&q=90",
      "product_url": "https://www.coles.com.au/product/coles-bakery-madeira-cake-450g-5057311",
      "category": "down-down",
      "brand": null,
      "weight_size": null,
      "per_unit_price": "$0.69 per 100gWas $3.45 on Jun 2025",
      "rating": null,
      "review_count": null,
      "in_stock": true,
      "is_on_sale": false,
      "scraped_at": "2025-08-05T17:42:57.403Z",
      "page_number": 7,
      "source_url": "https://www.coles.com.au/browse/down-down?page=7",
      "is_sponsored": null
    },
    {
      "title": "Libra Liners Active Protect | 50 pack",
      "current_price": 5,
      "original_price": null,
      "discount_percentage": null,
      "discount_amount": null,
      "image_url": "https://www.coles.com.au/_next/image?url=https%3A%2F%2Fcdn.productimages.coles.com.au%2Fproductimages%2F5%2F5059135.jpg&w=640&q=90",
      "product_url": "https://www.coles.com.au/product/libra-liners-active-protect-50-pack-5059135",
      "category": "down-down",
      "brand": null,
      "weight_size": null,
      "per_unit_price": "$0.10 per 1eaWas $6.00 on Jun 2025",
      "rating": null,
      "review_count": null,
      "in_stock": true,
      "is_on_sale": false,
      "scraped_at": "2025-08-05T17:42:57.403Z",
      "page_number": 7,
      "source_url": "https://www.coles.com.au/browse/down-down?page=7",
      "is_sponsored": null
    },
    {
      "title": "Sorbent 2 Ply Extra Thick & Large Hypo Allergenic Facial Tissues | 95 Pack",
      "current_price": 1.9,
      "original_price": null,
      "discount_percentage": null,
      "discount_amount": null,
      "image_url": "https://www.coles.com.au/_next/image?url=https%3A%2F%2Fcdn.productimages.coles.com.au%2Fproductimages%2F5%2F5081112.jpg&w=640&q=90",
      "product_url": "https://www.coles.com.au/product/sorbent-2-ply-extra-thick-and-large-hypo-allergenic-facial-tissues-95-pack-5081112",
      "category": "down-down",
      "brand": null,
      "weight_size": null,
      "per_unit_price": "$2.00 per 100eaWas $2.20 on Jul 2025",
      "rating": null,
      "review_count": null,
      "in_stock": true,
      "is_on_sale": false,
      "scraped_at": "2025-08-05T17:42:57.403Z",
      "page_number": 7,
      "source_url": "https://www.coles.com.au/browse/down-down?page=7",
      "is_sponsored": null
    },
    {
      "title": "Always Fresh Grissini Breadsticks Sesame & Sea Salt | 125g",
      "current_price": 4,
      "original_price": null,
      "discount_percentage": null,
      "discount_amount": null,
      "image_url": "https://www.coles.com.au/_next/image?url=https%3A%2F%2Fcdn.productimages.coles.com.au%2Fproductimages%2F5%2F5085805.jpg&w=640&q=90",
      "product_url": "https://www.coles.com.au/product/always-fresh-grissini-breadsticks-sesame-and-sea-salt-125g-5085805",
      "category": "down-down",
      "brand": null,
      "weight_size": null,
      "per_unit_price": "$3.20 per 100gWas $4.50 on Jul 2025",
      "rating": null,
      "review_count": null,
      "in_stock": true,
      "is_on_sale": false,
      "scraped_at": "2025-08-05T17:42:57.403Z",
      "page_number": 7,
      "source_url": "https://www.coles.com.au/browse/down-down?page=7",
      "is_sponsored": null
    },
    {
      "title": "Always Fresh Grissini Rosemary & Sea Salt Bread Sticks | 125g",
      "current_price": 4,
      "original_price": null,
      "discount_percentage": null,
      "discount_amount": null,
      "image_url": "https://www.coles.com.au/_next/image?url=https%3A%2F%2Fcdn.productimages.coles.com.au%2Fproductimages%2F5%2F5085827.jpg&w=640&q=90",
      "product_url": "https://www.coles.com.au/product/always-fresh-grissini-rosemary-and-sea-salt-bread-sticks-125g-5085827",
      "category": "down-down",
      "brand": null,
      "weight_size": null,
      "per_unit_price": "$3.20 per 100gWas $4.50 on Jul 2025",
      "rating": null,
      "review_count": null,
      "in_stock": true,
      "is_on_sale": false,
      "scraped_at": "2025-08-05T17:42:57.403Z",
      "page_number": 7,
      "source_url": "https://www.coles.com.au/browse/down-down?page=7",
      "is_sponsored": null
    },
    {
      "title": "Kleenex 3 Ply Soft & Thick Facial Tissues | 120 pack",
      "current_price": 3.3,
      "original_price": null,
      "discount_percentage": null,
      "discount_amount": null,
      "image_url": "https://www.coles.com.au/_next/image?url=https%3A%2F%2Fcdn.productimages.coles.com.au%2Fproductimages%2F5%2F5118857.jpg&w=640&q=90",
      "product_url": "https://www.coles.com.au/product/kleenex-3-ply-soft-and-thick-facial-tissues-120-pack-5118857",
      "category": "down-down",
      "brand": null,
      "weight_size": null,
      "per_unit_price": "$2.75 per 100eaWas $3.80 on May 2025",
      "rating": null,
      "review_count": null,
      "in_stock": true,
      "is_on_sale": false,
      "scraped_at": "2025-08-05T17:42:57.403Z",
      "page_number": 7,
      "source_url": "https://www.coles.com.au/browse/down-down?page=7",
      "is_sponsored": null
    },
    {
      "title": "Charlotte's Bakery Slow Cooked Beef Pies 2 Pack | 400g",
      "current_price": 7,
      "original_price": null,
      "discount_percentage": null,
      "discount_amount": null,
      "image_url": "https://www.coles.com.au/_next/image?url=https%3A%2F%2Fcdn.productimages.coles.com.au%2Fproductimages%2F5%2F5139686.jpg&w=640&q=90",
      "product_url": "https://www.coles.com.au/product/charlotte's-bakery-slow-cooked-beef-pies-2-pack-400g-5139686",
      "category": "down-down",
      "brand": null,
      "weight_size": null,
      "per_unit_price": "$1.75 per 100gWas $11.80 on Jun 2025",
      "rating": null,
      "review_count": null,
      "in_stock": true,
      "is_on_sale": false,
      "scraped_at": "2025-08-05T17:42:57.403Z",
      "page_number": 7,
      "source_url": "https://www.coles.com.au/browse/down-down?page=7",
      "is_sponsored": null
    },
    {
      "title": "Charlotte's Bakery Slow Cooked Steak & Pepper Pies 2 pack | 400g",
      "current_price": 7,
      "original_price": null,
      "discount_percentage": null,
      "discount_amount": null,
      "image_url": "https://www.coles.com.au/_next/image?url=https%3A%2F%2Fcdn.productimages.coles.com.au%2Fproductimages%2F5%2F5139890.jpg&w=640&q=90",
      "product_url": "https://www.coles.com.au/product/charlotte's-bakery-slow-cooked-steak-and-pepper-pies-2-pack-400g-5139890",
      "category": "down-down",
      "brand": null,
      "weight_size": null,
      "per_unit_price": "$1.75 per 100gWas $11.80 on Jun 2025",
      "rating": null,
      "review_count": null,
      "in_stock": true,
      "is_on_sale": false,
      "scraped_at": "2025-08-05T17:42:57.403Z",
      "page_number": 7,
      "source_url": "https://www.coles.com.au/browse/down-down?page=7",
      "is_sponsored": null
    },
    {
      "title": "Charlotte'S Bakery Slow Cooked Steak & Mushroom Pies 2 Pack | 400g",
      "current_price": 7,
      "original_price": null,
      "discount_percentage": null,
      "discount_amount": null,
      "image_url": "https://www.coles.com.au/_next/image?url=https%3A%2F%2Fcdn.productimages.coles.com.au%2Fproductimages%2F5%2F5140550.jpg&w=640&q=90",
      "product_url": "https://www.coles.com.au/product/charlotte's-bakery-slow-cooked-steak-and-mushroom-pies-2-pack-400g-5140550",
      "category": "down-down",
      "brand": null,
      "weight_size": null,
      "per_unit_price": "$1.75 per 100gWas $11.80 on Jun 2025",
      "rating": null,
      "review_count": null,
      "in_stock": true,
      "is_on_sale": false,
      "scraped_at": "2025-08-05T17:42:57.403Z",
      "page_number": 7,
      "source_url": "https://www.coles.com.au/browse/down-down?page=7",
      "is_sponsored": null
    },
    {
      "title": "Charlotte's Bakery Chunky Chicken & Leek Pie 2 Pack | 400g",
      "current_price": 7,
      "original_price": null,
      "discount_percentage": null,
      "discount_amount": null,
      "image_url": "https://www.coles.com.au/_next/image?url=https%3A%2F%2Fcdn.productimages.coles.com.au%2Fproductimages%2F5%2F5141950.jpg&w=640&q=90",
      "product_url": "https://www.coles.com.au/product/charlotte's-bakery-chunky-chicken-and-leek-pie-2-pack-400g-5141950",
      "category": "down-down",
      "brand": null,
      "weight_size": null,
      "per_unit_price": "$1.75 per 100gWas $11.80 on Jun 2025",
      "rating": null,
      "review_count": null,
      "in_stock": true,
      "is_on_sale": false,
      "scraped_at": "2025-08-05T17:42:57.403Z",
      "page_number": 7,
      "source_url": "https://www.coles.com.au/browse/down-down?page=7",
      "is_sponsored": null
    },
    {
      "title": "San Remo La Pasta Single Snack Alfredo Pasta & Sauce | 80g",
      "current_price": 1,
      "original_price": null,
      "discount_percentage": null,
      "discount_amount": null,
      "image_url": "https://www.coles.com.au/_next/image?url=https%3A%2F%2Fcdn.productimages.coles.com.au%2Fproductimages%2F5%2F5177244.jpg&w=640&q=90",
      "product_url": "https://www.coles.com.au/product/san-remo-la-pasta-single-snack-alfredo-pasta-and-sauce-80g-5177244",
      "category": "down-down",
      "brand": null,
      "weight_size": null,
      "per_unit_price": "$1.25 per 100gWas $1.40 on Jun 2025",
      "rating": null,
      "review_count": null,
      "in_stock": true,
      "is_on_sale": false,
      "scraped_at": "2025-08-05T17:42:57.403Z",
      "page_number": 7,
      "source_url": "https://www.coles.com.au/browse/down-down?page=7",
      "is_sponsored": null
    },
    {
      "title": "San Remo La Pasta Single Snack Carbonara Pasta & Sauce | 80g",
      "current_price": 1,
      "original_price": null,
      "discount_percentage": null,
      "discount_amount": null,
      "image_url": "https://www.coles.com.au/_next/image?url=https%3A%2F%2Fcdn.productimages.coles.com.au%2Fproductimages%2F5%2F5177255.jpg&w=640&q=90",
      "product_url": "https://www.coles.com.au/product/san-remo-la-pasta-single-snack-carbonara-pasta-and-sauce-80g-5177255",
      "category": "down-down",
      "brand": null,
      "weight_size": null,
      "per_unit_price": "$1.25 per 100gWas $1.40 on Jun 2025",
      "rating": null,
      "review_count": null,
      "in_stock": true,
      "is_on_sale": false,
      "scraped_at": "2025-08-05T17:42:57.403Z",
      "page_number": 7,
      "source_url": "https://www.coles.com.au/browse/down-down?page=7",
      "is_sponsored": null
    },
    {
      "title": "San Remo Single Snack Macaroni Cheese Pasta & Sauce | 80g",
      "current_price": 1,
      "original_price": null,
      "discount_percentage": null,
      "discount_amount": null,
      "image_url": "https://www.coles.com.au/_next/image?url=https%3A%2F%2Fcdn.productimages.coles.com.au%2Fproductimages%2F5%2F5177288.jpg&w=640&q=90",
      "product_url": "https://www.coles.com.au/product/san-remo-single-snack-macaroni-cheese-pasta-and-sauce-80g-5177288",
      "category": "down-down",
      "brand": null,
      "weight_size": null,
      "per_unit_price": "$1.25 per 100gWas $1.40 on Jun 2025",
      "rating": null,
      "review_count": null,
      "in_stock": true,
      "is_on_sale": false,
      "scraped_at": "2025-08-05T17:42:57.403Z",
      "page_number": 7,
      "source_url": "https://www.coles.com.au/browse/down-down?page=7",
      "is_sponsored": null
    },
    {
      "title": "San Remo La Pasta Single Snack Creamy Bacon Pasta & Sauce | 80g",
      "current_price": 1,
      "original_price": null,
      "discount_percentage": null,
      "discount_amount": null,
      "image_url": "https://www.coles.com.au/_next/image?url=https%3A%2F%2Fcdn.productimages.coles.com.au%2Fproductimages%2F5%2F5177299.jpg&w=640&q=90",
      "product_url": "https://www.coles.com.au/product/san-remo-la-pasta-single-snack-creamy-bacon-pasta-and-sauce-80g-5177299",
      "category": "down-down",
      "brand": null,
      "weight_size": null,
      "per_unit_price": "$1.25 per 100gWas $1.40 on Jun 2025",
      "rating": null,
      "review_count": null,
      "in_stock": true,
      "is_on_sale": false,
      "scraped_at": "2025-08-05T17:42:57.403Z",
      "page_number": 7,
      "source_url": "https://www.coles.com.au/browse/down-down?page=7",
      "is_sponsored": null
    },
    {
      "title": "Pureland Tofu | 500g",
      "current_price": 4.3,
      "original_price": null,
      "discount_percentage": null,
      "discount_amount": null,
      "image_url": "https://www.coles.com.au/_next/image?url=https%3A%2F%2Fcdn.productimages.coles.com.au%2Fproductimages%2F5%2F5185209.jpg&w=640&q=90",
      "product_url": "https://www.coles.com.au/product/pureland-tofu-500g-5185209",
      "category": "down-down",
      "brand": null,
      "weight_size": null,
      "per_unit_price": "$0.86 per 100gWas $5.30 on Jun 2025",
      "rating": null,
      "review_count": null,
      "in_stock": true,
      "is_on_sale": false,
      "scraped_at": "2025-08-05T17:42:57.403Z",
      "page_number": 7,
      "source_url": "https://www.coles.com.au/browse/down-down?page=7",
      "is_sponsored": null
    },
    {
      "title": "Coles Spanish Iberico | 150g",
      "current_price": 5.4,
      "original_price": null,
      "discount_percentage": null,
      "discount_amount": null,
      "image_url": "https://www.coles.com.au/_next/image?url=https%3A%2F%2Fcdn.productimages.coles.com.au%2Fproductimages%2F5%2F5217291.jpg&w=640&q=90",
      "product_url": "https://www.coles.com.au/product/coles-spanish-iberico-150g-5217291",
      "category": "down-down",
      "brand": null,
      "weight_size": null,
      "per_unit_price": "$36.00 per 1kgWas $6.00 on Jun 2025",
      "rating": null,
      "review_count": null,
      "in_stock": true,
      "is_on_sale": false,
      "scraped_at": "2025-08-05T17:42:57.403Z",
      "page_number": 7,
      "source_url": "https://www.coles.com.au/browse/down-down?page=7",
      "is_sponsored": null
    },
    {
      "title": "Suimin Oriental Chicken Noodle Cup | 70g",
      "current_price": 2,
      "original_price": null,
      "discount_percentage": null,
      "discount_amount": null,
      "image_url": "https://www.coles.com.au/_next/image?url=https%3A%2F%2Fcdn.productimages.coles.com.au%2Fproductimages%2F5%2F5224210.jpg&w=640&q=90",
      "product_url": "https://www.coles.com.au/product/suimin-oriental-chicken-noodle-cup-70g-5224210",
      "category": "down-down",
      "brand": null,
      "weight_size": null,
      "per_unit_price": "$2.86 per 100gWas $2.40 on Jul 2025",
      "rating": null,
      "review_count": null,
      "in_stock": true,
      "is_on_sale": false,
      "scraped_at": "2025-08-05T17:42:57.403Z",
      "page_number": 7,
      "source_url": "https://www.coles.com.au/browse/down-down?page=7",
      "is_sponsored": null
    },
    {
      "title": "South Cape Camembert | 200g",
      "current_price": 6,
      "original_price": null,
      "discount_percentage": null,
      "discount_amount": null,
      "image_url": "https://www.coles.com.au/_next/image?url=https%3A%2F%2Fcdn.productimages.coles.com.au%2Fproductimages%2F5%2F5269091.jpg&w=640&q=90",
      "product_url": "https://www.coles.com.au/product/south-cape-camembert-200g-5269091",
      "category": "down-down",
      "brand": null,
      "weight_size": null,
      "per_unit_price": "$30.00 per 1kgWas $6.80 on May 2025",
      "rating": null,
      "review_count": null,
      "in_stock": true,
      "is_on_sale": false,
      "scraped_at": "2025-08-05T17:42:57.403Z",
      "page_number": 7,
      "source_url": "https://www.coles.com.au/browse/down-down?page=7",
      "is_sponsored": null
    },
    {
      "title": "Medela Purelan Lanolin Cream | 7 gram",
      "current_price": 8.8,
      "original_price": null,
      "discount_percentage": null,
      "discount_amount": null,
      "image_url": "https://www.coles.com.au/_next/image?url=https%3A%2F%2Fcdn.productimages.coles.com.au%2Fproductimages%2F5%2F5331402.jpg&w=640&q=90",
      "product_url": "https://www.coles.com.au/product/medela-purelan-lanolin-cream-7-gram-5331402",
      "category": "down-down",
      "brand": null,
      "weight_size": null,
      "per_unit_price": "$125.71 per 100gWas $11.00 on Jul 2025",
      "rating": null,
      "review_count": null,
      "in_stock": true,
      "is_on_sale": false,
      "scraped_at": "2025-08-05T17:42:57.403Z",
      "page_number": 7,
      "source_url": "https://www.coles.com.au/browse/down-down?page=7",
      "is_sponsored": null
    },
    {
      "title": "Wild Earth Moringa Powder | 100g",
      "current_price": 7,
      "original_price": null,
      "discount_percentage": null,
      "discount_amount": null,
      "image_url": "https://www.coles.com.au/_next/image?url=https%3A%2F%2Fcdn.productimages.coles.com.au%2Fproductimages%2F5%2F5335618.jpg&w=640&q=90",
      "product_url": "https://www.coles.com.au/product/wild-earth-moringa-powder-100g-5335618",
      "category": "down-down",
      "brand": null,
      "weight_size": null,
      "per_unit_price": "$7.00 per 100gWas $14.00 on Jul 2025",
      "rating": null,
      "review_count": null,
      "in_stock": true,
      "is_on_sale": false,
      "scraped_at": "2025-08-05T17:42:57.403Z",
      "page_number": 7,
      "source_url": "https://www.coles.com.au/browse/down-down?page=7",
      "is_sponsored": null
    },
    {
      "title": "Perfect Italiano Cheese Grated Parmesan | 125g",
      "current_price": 4,
      "original_price": null,
      "discount_percentage": null,
      "discount_amount": null,
      "image_url": "https://www.coles.com.au/_next/image?url=https%3A%2F%2Fcdn.productimages.coles.com.au%2Fproductimages%2F5%2F5339878.jpg&w=640&q=90",
      "product_url": "https://www.coles.com.au/product/perfect-italiano-cheese-grated-parmesan-125g-5339878",
      "category": "down-down",
      "brand": null,
      "weight_size": null,
      "per_unit_price": "$32.00 per 1kgWas $4.50 on May 2025",
      "rating": null,
      "review_count": null,
      "in_stock": true,
      "is_on_sale": false,
      "scraped_at": "2025-08-05T17:42:57.403Z",
      "page_number": 7,
      "source_url": "https://www.coles.com.au/browse/down-down?page=7",
      "is_sponsored": null
    },
    {
      "title": "Batiste Dry Shampoo Volume | 350mL",
      "current_price": 15,
      "original_price": null,
      "discount_percentage": null,
      "discount_amount": null,
      "image_url": "https://www.coles.com.au/_next/image?url=https%3A%2F%2Fcdn.productimages.coles.com.au%2Fproductimages%2F5%2F5355455.jpg&w=640&q=90",
      "product_url": "https://www.coles.com.au/product/batiste-dry-shampoo-volume-350ml-5355455",
      "category": "down-down",
      "brand": null,
      "weight_size": null,
      "per_unit_price": "$4.29 per 100mLWas $19.00 on Jun 2025",
      "rating": null,
      "review_count": null,
      "in_stock": true,
      "is_on_sale": false,
      "scraped_at": "2025-08-05T17:42:57.403Z",
      "page_number": 7,
      "source_url": "https://www.coles.com.au/browse/down-down?page=7",
      "is_sponsored": null
    },
    {
      "title": "Nuttelex Olive Spread | 500g",
      "current_price": 5,
      "original_price": null,
      "discount_percentage": null,
      "discount_amount": null,
      "image_url": "https://www.coles.com.au/_next/image?url=https%3A%2F%2Fcdn.productimages.coles.com.au%2Fproductimages%2F5%2F5384679.jpg&w=640&q=90",
      "product_url": "https://www.coles.com.au/product/nuttelex-olive-spread-500g-5384679",
      "category": "down-down",
      "brand": null,
      "weight_size": null,
      "per_unit_price": "$1.00 per 100gWas $5.80 on May 2025",
      "rating": null,
      "review_count": null,
      "in_stock": true,
      "is_on_sale": false,
      "scraped_at": "2025-08-05T17:42:57.403Z",
      "page_number": 7,
      "source_url": "https://www.coles.com.au/browse/down-down?page=7",
      "is_sponsored": null
    },
    {
      "title": "Egmont Manuka Honey Mgo 100+ | 500g",
      "current_price": 18,
      "original_price": null,
      "discount_percentage": null,
      "discount_amount": null,
      "image_url": "https://www.coles.com.au/_next/image?url=https%3A%2F%2Fcdn.productimages.coles.com.au%2Fproductimages%2F5%2F5466354.jpg&w=640&q=90",
      "product_url": "https://www.coles.com.au/product/egmont-manuka-honey-mgo-100+-500g-5466354",
      "category": "down-down",
      "brand": null,
      "weight_size": null,
      "per_unit_price": "$3.60 per 100gWas $20.00 on Jun 2025",
      "rating": null,
      "review_count": null,
      "in_stock": true,
      "is_on_sale": false,
      "scraped_at": "2025-08-05T17:42:57.403Z",
      "page_number": 7,
      "source_url": "https://www.coles.com.au/browse/down-down?page=7",
      "is_sponsored": null
    },
    {
      "title": "Woofin Good Peanut Butter Flavour Dog Treat Biscuits | 800g",
      "current_price": 9,
      "original_price": null,
      "discount_percentage": null,
      "discount_amount": null,
      "image_url": "https://www.coles.com.au/_next/image?url=https%3A%2F%2Fcdn.productimages.coles.com.au%2Fproductimages%2F5%2F5487354.jpg&w=640&q=90",
      "product_url": "https://www.coles.com.au/product/woofin-good-peanut-butter-flavour-dog-treat-biscuits-800g-5487354",
      "category": "down-down",
      "brand": null,
      "weight_size": null,
      "per_unit_price": "$1.13 per 100gWas $11.00 on Jul 2025",
      "rating": null,
      "review_count": null,
      "in_stock": true,
      "is_on_sale": false,
      "scraped_at": "2025-08-05T17:42:57.403Z",
      "page_number": 7,
      "source_url": "https://www.coles.com.au/browse/down-down?page=7",
      "is_sponsored": null
    },
    {
      "title": "99th Monkey Crunchy Natural Almond Butter | 200g",
      "current_price": 7,
      "original_price": null,
      "discount_percentage": null,
      "discount_amount": null,
      "image_url": "https://www.coles.com.au/_next/image?url=https%3A%2F%2Fcdn.productimages.coles.com.au%2Fproductimages%2F5%2F5492310.jpg&w=640&q=90",
      "product_url": "https://www.coles.com.au/product/99th-monkey-crunchy-natural-almond-butter-200g-5492310",
      "category": "down-down",
      "brand": null,
      "weight_size": null,
      "per_unit_price": "$3.50 per 100g",
      "rating": null,
      "review_count": null,
      "in_stock": true,
      "is_on_sale": false,
      "scraped_at": "2025-08-05T17:42:57.403Z",
      "page_number": 7,
      "source_url": "https://www.coles.com.au/browse/down-down?page=7",
      "is_sponsored": null
    },
    {
      "title": "Suimin Hot & Spicy Noodle Cup | 70g",
      "current_price": 2,
      "original_price": null,
      "discount_percentage": null,
      "discount_amount": null,
      "image_url": "https://www.coles.com.au/_next/image?url=https%3A%2F%2Fcdn.productimages.coles.com.au%2Fproductimages%2F5%2F5566097.jpg&w=640&q=90",
      "product_url": "https://www.coles.com.au/product/suimin-hot-and-spicy-noodle-cup-70g-5566097",
      "category": "down-down",
      "brand": null,
      "weight_size": null,
      "per_unit_price": "$2.86 per 100gWas $2.40 on Jul 2025",
      "rating": null,
      "review_count": null,
      "in_stock": true,
      "is_on_sale": false,
      "scraped_at": "2025-08-05T17:42:57.403Z",
      "page_number": 7,
      "source_url": "https://www.coles.com.au/browse/down-down?page=7",
      "is_sponsored": null
    },
    {
      "title": "Coles Bakery Cake Madeira Lemon | 315g",
      "current_price": 3.1,
      "original_price": null,
      "discount_percentage": null,
      "discount_amount": null,
      "image_url": "https://www.coles.com.au/_next/image?url=https%3A%2F%2Fcdn.productimages.coles.com.au%2Fproductimages%2F5%2F5592075.jpg&w=640&q=90",
      "product_url": "https://www.coles.com.au/product/coles-bakery-cake-madeira-lemon-315g-5592075",
      "category": "down-down",
      "brand": null,
      "weight_size": null,
      "per_unit_price": "$0.98 per 100gWas $3.45 on Jun 2025",
      "rating": null,
      "review_count": null,
      "in_stock": true,
      "is_on_sale": false,
      "scraped_at": "2025-08-05T17:42:57.403Z",
      "page_number": 7,
      "source_url": "https://www.coles.com.au/browse/down-down?page=7",
      "is_sponsored": null
    },
    {
      "title": "Coles Beef Scotch Fillet Thin Cut | 400g",
      "current_price": 18,
      "original_price": null,
      "discount_percentage": null,
      "discount_amount": null,
      "image_url": "https://www.coles.com.au/_next/image?url=https%3A%2F%2Fcdn.productimages.coles.com.au%2Fproductimages%2F5%2F5629540.jpg&w=640&q=90",
      "product_url": "https://www.coles.com.au/product/coles-beef-scotch-fillet-thin-cut-400g-5629540",
      "category": "down-down",
      "brand": null,
      "weight_size": null,
      "per_unit_price": "$45.00 per 1kgWas $20.00 on Jun 2025",
      "rating": null,
      "review_count": null,
      "in_stock": true,
      "is_on_sale": false,
      "scraped_at": "2025-08-05T17:42:57.403Z",
      "page_number": 7,
      "source_url": "https://www.coles.com.au/browse/down-down?page=7",
      "is_sponsored": null
    },
    {
      "title": "Mentholatum Ice Gel | 100g",
      "current_price": 4.6,
      "original_price": null,
      "discount_percentage": null,
      "discount_amount": null,
      "image_url": "https://www.coles.com.au/_next/image?url=https%3A%2F%2Fcdn.productimages.coles.com.au%2Fproductimages%2F5%2F5694450.jpg&w=640&q=90",
      "product_url": "https://www.coles.com.au/product/mentholatum-ice-gel-100g-5694450",
      "category": "down-down",
      "brand": null,
      "weight_size": null,
      "per_unit_price": "$4.60 per 100gWas $6.10 on Jun 2025",
      "rating": null,
      "review_count": null,
      "in_stock": true,
      "is_on_sale": false,
      "scraped_at": "2025-08-05T17:42:57.403Z",
      "page_number": 7,
      "source_url": "https://www.coles.com.au/browse/down-down?page=7",
      "is_sponsored": null
    },
    {
      "title": "St Dalfour Orange Marmalade | 284g",
      "current_price": 4.8,
      "original_price": null,
      "discount_percentage": null,
      "discount_amount": null,
      "image_url": "https://www.coles.com.au/_next/image?url=https%3A%2F%2Fcdn.productimages.coles.com.au%2Fproductimages%2F5%2F5704317.jpg&w=640&q=90",
      "product_url": "https://www.coles.com.au/product/st-dalfour-orange-marmalade-284g-5704317",
      "category": "down-down",
      "brand": null,
      "weight_size": null,
      "per_unit_price": "$1.69 per 100gWas $5.70 on Jun 2025",
      "rating": null,
      "review_count": null,
      "in_stock": true,
      "is_on_sale": false,
      "scraped_at": "2025-08-05T17:42:57.403Z",
      "page_number": 7,
      "source_url": "https://www.coles.com.au/browse/down-down?page=7",
      "is_sponsored": null
    },
    {
      "title": "St Dalfour Red Raspberry Spread | 284g",
      "current_price": 4.8,
      "original_price": null,
      "discount_percentage": null,
      "discount_amount": null,
      "image_url": "https://www.coles.com.au/_next/image?url=https%3A%2F%2Fcdn.productimages.coles.com.au%2Fproductimages%2F5%2F5704350.jpg&w=640&q=90",
      "product_url": "https://www.coles.com.au/product/st-dalfour-red-raspberry-spread-284g-5704350",
      "category": "down-down",
      "brand": null,
      "weight_size": null,
      "per_unit_price": "$1.69 per 100gWas $5.70 on Jun 2025",
      "rating": null,
      "review_count": null,
      "in_stock": true,
      "is_on_sale": false,
      "scraped_at": "2025-08-05T17:42:57.403Z",
      "page_number": 7,
      "source_url": "https://www.coles.com.au/browse/down-down?page=7",
      "is_sponsored": null
    },
    {
      "title": "St Dalfour Strawberry Spread | 284g",
      "current_price": 4.8,
      "original_price": null,
      "discount_percentage": null,
      "discount_amount": null,
      "image_url": "https://www.coles.com.au/_next/image?url=https%3A%2F%2Fcdn.productimages.coles.com.au%2Fproductimages%2F5%2F5704372.jpg&w=640&q=90",
      "product_url": "https://www.coles.com.au/product/st-dalfour-strawberry-spread-284g-5704372",
      "category": "down-down",
      "brand": null,
      "weight_size": null,
      "per_unit_price": "$1.69 per 100gWas $5.70 on Jun 2025",
      "rating": null,
      "review_count": null,
      "in_stock": true,
      "is_on_sale": false,
      "scraped_at": "2025-08-05T17:42:57.403Z",
      "page_number": 7,
      "source_url": "https://www.coles.com.au/browse/down-down?page=7",
      "is_sponsored": null
    },
    {
      "title": "St Dalfour Thick Apricot Spread | 284g",
      "current_price": 4.8,
      "original_price": null,
      "discount_percentage": null,
      "discount_amount": null,
      "image_url": "https://www.coles.com.au/_next/image?url=https%3A%2F%2Fcdn.productimages.coles.com.au%2Fproductimages%2F5%2F5704394.jpg&w=640&q=90",
      "product_url": "https://www.coles.com.au/product/st-dalfour-thick-apricot-spread-284g-5704394",
      "category": "down-down",
      "brand": null,
      "weight_size": null,
      "per_unit_price": "$1.69 per 100gWas $5.70 on Jun 2025",
      "rating": null,
      "review_count": null,
      "in_stock": true,
      "is_on_sale": false,
      "scraped_at": "2025-08-05T17:42:57.403Z",
      "page_number": 7,
      "source_url": "https://www.coles.com.au/browse/down-down?page=7",
      "is_sponsored": null
    },
    {
      "title": "St Dalfour Wild Blueberry Spread | 284g",
      "current_price": 4.8,
      "original_price": null,
      "discount_percentage": null,
      "discount_amount": null,
      "image_url": "https://www.coles.com.au/_next/image?url=https%3A%2F%2Fcdn.productimages.coles.com.au%2Fproductimages%2F5%2F5704420.jpg&w=640&q=90",
      "product_url": "https://www.coles.com.au/product/st-dalfour-wild-blueberry-spread-284g-5704420",
      "category": "down-down",
      "brand": null,
      "weight_size": null,
      "per_unit_price": "$1.69 per 100gWas $5.70 on Jun 2025",
      "rating": null,
      "review_count": null,
      "in_stock": true,
      "is_on_sale": false,
      "scraped_at": "2025-08-05T17:42:57.403Z",
      "page_number": 7,
      "source_url": "https://www.coles.com.au/browse/down-down?page=7",
      "is_sponsored": null
    },
    {
      "title": "Hans American Hot Dog Franks | 375g",
      "current_price": 5,
      "original_price": null,
      "discount_percentage": null,
      "discount_amount": null,
      "image_url": "https://www.coles.com.au/_next/image?url=https%3A%2F%2Fcdn.productimages.coles.com.au%2Fproductimages%2F5%2F5738556.jpg&w=640&q=90",
      "product_url": "https://www.coles.com.au/product/hans-american-hot-dog-franks-375g-5738556",
      "category": "down-down",
      "brand": null,
      "weight_size": null,
      "per_unit_price": "$13.33 per 1kgWas $6.70 on Jun 2025",
      "rating": null,
      "review_count": null,
      "in_stock": true,
      "is_on_sale": false,
      "scraped_at": "2025-08-05T17:42:57.403Z",
      "page_number": 7,
      "source_url": "https://www.coles.com.au/browse/down-down?page=7",
      "is_sponsored": null
    },
    {
      "title": "Remedy Kombucha Organic Orange Squeeze | 750mL",
      "current_price": 5.9,
      "original_price": null,
      "discount_percentage": null,
      "discount_amount": null,
      "image_url": "https://www.coles.com.au/_next/image?url=https%3A%2F%2Fcdn.productimages.coles.com.au%2Fproductimages%2F5%2F5788496.jpg&w=640&q=90",
      "product_url": "https://www.coles.com.au/product/remedy-kombucha-organic-orange-squeeze-750ml-5788496",
      "category": "down-down",
      "brand": null,
      "weight_size": null,
      "per_unit_price": "$7.87 per 1LWas $7.50 on May 2025",
      "rating": null,
      "review_count": null,
      "in_stock": true,
      "is_on_sale": false,
      "scraped_at": "2025-08-05T17:42:57.403Z",
      "page_number": 7,
      "source_url": "https://www.coles.com.au/browse/down-down?page=7",
      "is_sponsored": null
    },
    {
      "title": "Always Fresh Olive Oil & Sea Salt Crustini Bruschetta Toasts | 120g",
      "current_price": 4,
      "original_price": null,
      "discount_percentage": null,
      "discount_amount": null,
      "image_url": "https://www.coles.com.au/_next/image?url=https%3A%2F%2Fcdn.productimages.coles.com.au%2Fproductimages%2F5%2F5839994.jpg&w=640&q=90",
      "product_url": "https://www.coles.com.au/product/always-fresh-olive-oil-and-sea-salt-crustini-bruschetta-toasts-120g-5839994",
      "category": "down-down",
      "brand": null,
      "weight_size": null,
      "per_unit_price": "$3.33 per 100gWas $4.50 on Jul 2025",
      "rating": null,
      "review_count": null,
      "in_stock": true,
      "is_on_sale": false,
      "scraped_at": "2025-08-05T17:42:57.403Z",
      "page_number": 7,
      "source_url": "https://www.coles.com.au/browse/down-down?page=7",
      "is_sponsored": null
    },
    {
      "title": "Sunrice Basmati Rice | 2kg",
      "current_price": 9.5,
      "original_price": null,
      "discount_percentage": null,
      "discount_amount": null,
      "image_url": "https://www.coles.com.au/_next/image?url=https%3A%2F%2Fcdn.productimages.coles.com.au%2Fproductimages%2F5%2F5877359.jpg&w=640&q=90",
      "product_url": "https://www.coles.com.au/product/sunrice-basmati-rice-2kg-5877359",
      "category": "down-down",
      "brand": null,
      "weight_size": null,
      "per_unit_price": "$0.48 per 100gWas $12.90 on Jun 2025",
      "rating": null,
      "review_count": null,
      "in_stock": true,
      "is_on_sale": false,
      "scraped_at": "2025-08-05T17:42:57.403Z",
      "page_number": 7,
      "source_url": "https://www.coles.com.au/browse/down-down?page=7",
      "is_sponsored": null
    },
    {
      "title": "Atkins Low Carb Endulge Bars Caramelised White Chocolate 5x30g | 150g",
      "current_price": 13.6,
      "original_price": null,
      "discount_percentage": null,
      "discount_amount": null,
      "image_url": "https://www.coles.com.au/_next/image?url=https%3A%2F%2Fcdn.productimages.coles.com.au%2Fproductimages%2F5%2F5885970.jpg&w=640&q=90",
      "product_url": "https://www.coles.com.au/product/atkins-low-carb-endulge-bars-caramelised-white-chocolate-5x30g-150g-5885970",
      "category": "down-down",
      "brand": null,
      "weight_size": null,
      "per_unit_price": "$9.07 per 100gWas $17.00 on Jul 2025",
      "rating": null,
      "review_count": null,
      "in_stock": true,
      "is_on_sale": false,
      "scraped_at": "2025-08-05T17:42:57.403Z",
      "page_number": 7,
      "source_url": "https://www.coles.com.au/browse/down-down?page=7",
      "is_sponsored": null
    },
    {
      "title": "Atkins Endulge Peanut Butter Cups 10 Pack | 170g",
      "current_price": 13.6,
      "original_price": null,
      "discount_percentage": null,
      "discount_amount": null,
      "image_url": "https://www.coles.com.au/_next/image?url=https%3A%2F%2Fcdn.productimages.coles.com.au%2Fproductimages%2F5%2F5885991.jpg&w=640&q=90",
      "product_url": "https://www.coles.com.au/product/atkins-endulge-peanut-butter-cups-10-pack-170g-5885991",
      "category": "down-down",
      "brand": null,
      "weight_size": null,
      "per_unit_price": "$8.00 per 100gWas $17.00 on Jul 2025",
      "rating": null,
      "review_count": null,
      "in_stock": true,
      "is_on_sale": false,
      "scraped_at": "2025-08-05T17:42:57.403Z",
      "page_number": 7,
      "source_url": "https://www.coles.com.au/browse/down-down?page=7",
      "is_sponsored": null
    },
    {
      "title": "Golden Circle Apple Juice | 3L",
      "current_price": 4.95,
      "original_price": null,
      "discount_percentage": null,
      "discount_amount": null,
      "image_url": "https://www.coles.com.au/_next/image?url=https%3A%2F%2Fcdn.productimages.coles.com.au%2Fproductimages%2F5%2F5975020.jpg&w=640&q=90",
      "product_url": "https://www.coles.com.au/product/golden-circle-apple-juice-3l-5975020",
      "category": "down-down",
      "brand": null,
      "weight_size": null,
      "per_unit_price": "$1.65 per 1LWas $5.50 on Jun 2025",
      "rating": null,
      "review_count": null,
      "in_stock": true,
      "is_on_sale": false,
      "scraped_at": "2025-08-05T17:42:57.403Z",
      "page_number": 7,
      "source_url": "https://www.coles.com.au/browse/down-down?page=7",
      "is_sponsored": null
    },
    {
      "title": "Bellamy's Organic Porridge Baby Cereal | 125g",
      "current_price": 3.95,
      "original_price": null,
      "discount_percentage": null,
      "discount_amount": null,
      "image_url": "https://www.coles.com.au/_next/image?url=https%3A%2F%2Fcdn.productimages.coles.com.au%2Fproductimages%2F6%2F6038006.jpg&w=640&q=90",
      "product_url": "https://www.coles.com.au/product/bellamy's-organic-porridge-baby-cereal-125g-6038006",
      "category": "down-down",
      "brand": null,
      "weight_size": null,
      "per_unit_price": "$3.16 per 100gWas $4.40 on May 2025",
      "rating": null,
      "review_count": null,
      "in_stock": true,
      "is_on_sale": false,
      "scraped_at": "2025-08-05T17:42:57.403Z",
      "page_number": 7,
      "source_url": "https://www.coles.com.au/browse/down-down?page=7",
      "is_sponsored": null
    },
    {
      "title": "Cheer Plant Based Shredded Cheese | 200g",
      "current_price": 6.3,
      "original_price": null,
      "discount_percentage": null,
      "discount_amount": null,
      "image_url": "https://www.coles.com.au/_next/image?url=https%3A%2F%2Fcdn.productimages.coles.com.au%2Fproductimages%2F6%2F6126307.jpg&w=640&q=90",
      "product_url": "https://www.coles.com.au/product/cheer-plant-based-shredded-cheese-200g-6126307",
      "category": "down-down",
      "brand": null,
      "weight_size": null,
      "per_unit_price": "$31.50 per 1kgWas $7.00 on May 2025",
      "rating": null,
      "review_count": null,
      "in_stock": true,
      "is_on_sale": false,
      "scraped_at": "2025-08-05T17:42:57.403Z",
      "page_number": 7,
      "source_url": "https://www.coles.com.au/browse/down-down?page=7",
      "is_sponsored": null
    }
  ],
  "summary": {
    "total_products": 56,
    "products_on_sale": 0,
    "products_with_ratings": 0,
    "average_price": 5.933035714285715,
    "price_range": {
      "min": 1,
      "max": 18
    }
  }
}