{
  "extraction_info": {
    "timestamp": "2025-08-05T17:42:29.520Z",
    "page_url": "https://www.coles.com.au/browse/down-down?page=4",
    "category": "down-down",
    "page_number": 4,
    "selector_set_used": "high_confidence",
    "total_products": 57,
    "total_elements_found": 57
  },
  "products": [
    {
      "title": "Glad Snap Lock Storage Bags Medium | 15 pack",
      "current_price": 3.15,
      "original_price": null,
      "discount_percentage": null,
      "discount_amount": null,
      "image_url": "https://www.coles.com.au/_next/image?url=https%3A%2F%2Fcdn.productimages.coles.com.au%2Fproductimages%2F3%2F3310401.jpg&w=640&q=90",
      "product_url": "https://www.coles.com.au/product/glad-snap-lock-storage-bags-medium-15-pack-3310401",
      "category": "down-down",
      "brand": null,
      "weight_size": null,
      "per_unit_price": "$0.21 per 1eaWas $3.50 on Jul 2025",
      "rating": null,
      "review_count": null,
      "in_stock": true,
      "is_on_sale": false,
      "scraped_at": "2025-08-05T17:42:29.520Z",
      "page_number": 4,
      "source_url": "https://www.coles.com.au/browse/down-down?page=4",
      "is_sponsored": null
    },
    {
      "title": "Riverina Haloumi Lactose Free | 180g",
      "current_price": 5.8,
      "original_price": null,
      "discount_percentage": null,
      "discount_amount": null,
      "image_url": "https://www.coles.com.au/_next/image?url=https%3A%2F%2Fcdn.productimages.coles.com.au%2Fproductimages%2F6%2F6797368.jpg&w=640&q=90",
      "product_url": "https://www.coles.com.au/product/riverina-haloumi-lactose-free-180g-6797368",
      "category": "down-down",
      "brand": null,
      "weight_size": null,
      "per_unit_price": "$32.22 per 1kgWas $6.60 on May 2025",
      "rating": null,
      "review_count": null,
      "in_stock": true,
      "is_on_sale": false,
      "scraped_at": "2025-08-05T17:42:29.520Z",
      "page_number": 4,
      "source_url": "https://www.coles.com.au/browse/down-down?page=4",
      "is_sponsored": true
    },
    {
      "title": "Batiste Dry Shampoo & Volume With Plumping Collagen | 200mL",
      "current_price": 10,
      "original_price": null,
      "discount_percentage": null,
      "discount_amount": null,
      "image_url": "https://www.coles.com.au/_next/image?url=https%3A%2F%2Fcdn.productimages.coles.com.au%2Fproductimages%2F3%2F3535026.jpg&w=640&q=90",
      "product_url": "https://www.coles.com.au/product/batiste-dry-shampoo-and-volume-with-plumping-collagen-200ml-3535026",
      "category": "down-down",
      "brand": null,
      "weight_size": null,
      "per_unit_price": "$5.00 per 100mLWas $14.00 on Jun 2025",
      "rating": null,
      "review_count": null,
      "in_stock": true,
      "is_on_sale": false,
      "scraped_at": "2025-08-05T17:42:29.520Z",
      "page_number": 4,
      "source_url": "https://www.coles.com.au/browse/down-down?page=4",
      "is_sponsored": true
    },
    {
      "title": "Batiste Divine Dark Brown Dry Shampoo Plus | 200mL",
      "current_price": 10,
      "original_price": null,
      "discount_percentage": null,
      "discount_amount": null,
      "image_url": "https://www.coles.com.au/_next/image?url=https%3A%2F%2Fcdn.productimages.coles.com.au%2Fproductimages%2F2%2F2319273.jpg&w=640&q=90",
      "product_url": "https://www.coles.com.au/product/batiste-divine-dark-brown-dry-shampoo-plus-200ml-2319273",
      "category": "down-down",
      "brand": null,
      "weight_size": null,
      "per_unit_price": "$5.00 per 100mLWas $14.00 on Jun 2025",
      "rating": null,
      "review_count": null,
      "in_stock": true,
      "is_on_sale": false,
      "scraped_at": "2025-08-05T17:42:29.520Z",
      "page_number": 4,
      "source_url": "https://www.coles.com.au/browse/down-down?page=4",
      "is_sponsored": true
    },
    {
      "title": "Capi All Australian Sparkling Water 750ml | 750mL",
      "current_price": 2.95,
      "original_price": null,
      "discount_percentage": null,
      "discount_amount": null,
      "image_url": "https://www.coles.com.au/_next/image?url=https%3A%2F%2Fcdn.productimages.coles.com.au%2Fproductimages%2F4%2F4465651.jpg&w=640&q=90",
      "product_url": "https://www.coles.com.au/product/capi-all-australian-sparkling-water-750ml-750ml-4465651",
      "category": "down-down",
      "brand": null,
      "weight_size": null,
      "per_unit_price": "$3.93 per 1LWas $3.40 on Jul 2025",
      "rating": null,
      "review_count": null,
      "in_stock": true,
      "is_on_sale": false,
      "scraped_at": "2025-08-05T17:42:29.520Z",
      "page_number": 4,
      "source_url": "https://www.coles.com.au/browse/down-down?page=4",
      "is_sponsored": true
    },
    {
      "title": "Difflam Plus Lozengers Anaesthetic Honey & Lemon | 32 pack",
      "current_price": 13.3,
      "original_price": null,
      "discount_percentage": null,
      "discount_amount": null,
      "image_url": "https://www.coles.com.au/_next/image?url=https%3A%2F%2Fcdn.productimages.coles.com.au%2Fproductimages%2F4%2F4969101.jpg&w=640&q=90",
      "product_url": "https://www.coles.com.au/product/difflam-plus-lozengers-anaesthetic-honey-and-lemon-32-pack-4969101",
      "category": "down-down",
      "brand": null,
      "weight_size": null,
      "per_unit_price": "$0.42 per 1eaWas $19.00 on Jun 2025",
      "rating": null,
      "review_count": null,
      "in_stock": true,
      "is_on_sale": false,
      "scraped_at": "2025-08-05T17:42:29.520Z",
      "page_number": 4,
      "source_url": "https://www.coles.com.au/browse/down-down?page=4",
      "is_sponsored": true
    },
    {
      "title": "Carman's Oat Slices Golden Oat And Coconut 5 Pack | 175g",
      "current_price": 5.9,
      "original_price": null,
      "discount_percentage": null,
      "discount_amount": null,
      "image_url": "https://www.coles.com.au/_next/image?url=https%3A%2F%2Fcdn.productimages.coles.com.au%2Fproductimages%2F4%2F4456118.jpg&w=640&q=90",
      "product_url": "https://www.coles.com.au/product/carman's-oat-slices-golden-oat-and-coconut-5-pack-175g-4456118",
      "category": "down-down",
      "brand": null,
      "weight_size": null,
      "per_unit_price": "$3.37 per 100gWas $6.20 on Jul 2025",
      "rating": null,
      "review_count": null,
      "in_stock": true,
      "is_on_sale": false,
      "scraped_at": "2025-08-05T17:42:29.520Z",
      "page_number": 4,
      "source_url": "https://www.coles.com.au/browse/down-down?page=4",
      "is_sponsored": true
    },
    {
      "title": "Panadol Children's Chewable +7 Years Paracetamol | 12 Pack",
      "current_price": 6,
      "original_price": null,
      "discount_percentage": null,
      "discount_amount": null,
      "image_url": "https://www.coles.com.au/_next/image?url=https%3A%2F%2Fcdn.productimages.coles.com.au%2Fproductimages%2F4%2F4198872.jpg&w=640&q=90",
      "product_url": "https://www.coles.com.au/product/panadol-children's-chewable-+7-years-paracetamol-12-pack-4198872",
      "category": "down-down",
      "brand": null,
      "weight_size": null,
      "per_unit_price": "$0.50 per 1eaWas $6.75 on Jun 2025",
      "rating": null,
      "review_count": null,
      "in_stock": true,
      "is_on_sale": false,
      "scraped_at": "2025-08-05T17:42:29.520Z",
      "page_number": 4,
      "source_url": "https://www.coles.com.au/browse/down-down?page=4",
      "is_sponsored": true
    },
    {
      "title": "Libra Ultra Thin Regular Pads With Wings | 20 pack",
      "current_price": 6.5,
      "original_price": null,
      "discount_percentage": null,
      "discount_amount": null,
      "image_url": "https://www.coles.com.au/_next/image?url=https%3A%2F%2Fcdn.productimages.coles.com.au%2Fproductimages%2F3%2F3293164.jpg&w=640&q=90",
      "product_url": "https://www.coles.com.au/product/libra-ultra-thin-regular-pads-with-wings-20-pack-3293164",
      "category": "down-down",
      "brand": null,
      "weight_size": null,
      "per_unit_price": "$0.33 per 1eaWas $8.50 on Jun 2025",
      "rating": null,
      "review_count": null,
      "in_stock": true,
      "is_on_sale": false,
      "scraped_at": "2025-08-05T17:42:29.520Z",
      "page_number": 4,
      "source_url": "https://www.coles.com.au/browse/down-down?page=4",
      "is_sponsored": true
    },
    {
      "title": "Sun Harvest Lemon Juice | 200mL",
      "current_price": 3,
      "original_price": null,
      "discount_percentage": null,
      "discount_amount": null,
      "image_url": "https://www.coles.com.au/_next/image?url=https%3A%2F%2Fcdn.productimages.coles.com.au%2Fproductimages%2F4%2F4295733.jpg&w=640&q=90",
      "product_url": "https://www.coles.com.au/product/sun-harvest-lemon-juice-200ml-4295733",
      "category": "down-down",
      "brand": null,
      "weight_size": null,
      "per_unit_price": "$1.50 per 100mLWas $4.00 on Aug 2025",
      "rating": null,
      "review_count": null,
      "in_stock": true,
      "is_on_sale": false,
      "scraped_at": "2025-08-05T17:42:29.520Z",
      "page_number": 4,
      "source_url": "https://www.coles.com.au/browse/down-down?page=4",
      "is_sponsored": true
    },
    {
      "title": "Batiste Original Dry Shampoo | 350mL",
      "current_price": 15,
      "original_price": null,
      "discount_percentage": null,
      "discount_amount": null,
      "image_url": "https://www.coles.com.au/_next/image?url=https%3A%2F%2Fcdn.productimages.coles.com.au%2Fproductimages%2F4%2F4253824.jpg&w=640&q=90",
      "product_url": "https://www.coles.com.au/product/batiste-original-dry-shampoo-350ml-4253824",
      "category": "down-down",
      "brand": null,
      "weight_size": null,
      "per_unit_price": "$4.29 per 100mLWas $19.00 on Jun 2025",
      "rating": null,
      "review_count": null,
      "in_stock": true,
      "is_on_sale": false,
      "scraped_at": "2025-08-05T17:42:29.520Z",
      "page_number": 4,
      "source_url": "https://www.coles.com.au/browse/down-down?page=4",
      "is_sponsored": true
    },
    {
      "title": "Bulldog Original Face Wash Skincare For Men | 150mL",
      "current_price": 9.5,
      "original_price": null,
      "discount_percentage": null,
      "discount_amount": null,
      "image_url": "https://www.coles.com.au/_next/image?url=https%3A%2F%2Fcdn.productimages.coles.com.au%2Fproductimages%2F3%2F3365833.jpg&w=640&q=90",
      "product_url": "https://www.coles.com.au/product/bulldog-original-face-wash-skincare-for-men-150ml-3365833",
      "category": "down-down",
      "brand": null,
      "weight_size": null,
      "per_unit_price": "$6.33 per 100mLWas $15.00 on Jun 2025",
      "rating": null,
      "review_count": null,
      "in_stock": true,
      "is_on_sale": false,
      "scraped_at": "2025-08-05T17:42:29.520Z",
      "page_number": 4,
      "source_url": "https://www.coles.com.au/browse/down-down?page=4",
      "is_sponsored": null
    },
    {
      "title": "Bulldog Original Moisturiser Skincare For Men | 100mL",
      "current_price": 9.5,
      "original_price": null,
      "discount_percentage": null,
      "discount_amount": null,
      "image_url": "https://www.coles.com.au/_next/image?url=https%3A%2F%2Fcdn.productimages.coles.com.au%2Fproductimages%2F3%2F3365844.jpg&w=640&q=90",
      "product_url": "https://www.coles.com.au/product/bulldog-original-moisturiser-skincare-for-men-100ml-3365844",
      "category": "down-down",
      "brand": null,
      "weight_size": null,
      "per_unit_price": "$9.50 per 100mLWas $15.00 on Jun 2025",
      "rating": null,
      "review_count": null,
      "in_stock": true,
      "is_on_sale": false,
      "scraped_at": "2025-08-05T17:42:29.520Z",
      "page_number": 4,
      "source_url": "https://www.coles.com.au/browse/down-down?page=4",
      "is_sponsored": null
    },
    {
      "title": "Bulldog Original Face Scrub Skincare For Men | 125mL",
      "current_price": 9.5,
      "original_price": null,
      "discount_percentage": null,
      "discount_amount": null,
      "image_url": "https://www.coles.com.au/_next/image?url=https%3A%2F%2Fcdn.productimages.coles.com.au%2Fproductimages%2F3%2F3365855.jpg&w=640&q=90",
      "product_url": "https://www.coles.com.au/product/bulldog-original-face-scrub-skincare-for-men-125ml-3365855",
      "category": "down-down",
      "brand": null,
      "weight_size": null,
      "per_unit_price": "$7.60 per 100mLWas $15.00 on Jun 2025",
      "rating": null,
      "review_count": null,
      "in_stock": true,
      "is_on_sale": false,
      "scraped_at": "2025-08-05T17:42:29.520Z",
      "page_number": 4,
      "source_url": "https://www.coles.com.au/browse/down-down?page=4",
      "is_sponsored": null
    },
    {
      "title": "Coles Finest By Laurent Wholemeal Sourdough Vienna | 1 each",
      "current_price": 6.25,
      "original_price": null,
      "discount_percentage": null,
      "discount_amount": null,
      "image_url": "https://www.coles.com.au/_next/image?url=https%3A%2F%2Fcdn.productimages.coles.com.au%2Fproductimages%2F3%2F3384930.jpg&w=640&q=90",
      "product_url": "https://www.coles.com.au/product/coles-finest-by-laurent-wholemeal-sourdough-vienna-1-each-3384930",
      "category": "down-down",
      "brand": null,
      "weight_size": null,
      "per_unit_price": "$6.25 per 1eaWas $7.00 on Jun 2025",
      "rating": null,
      "review_count": null,
      "in_stock": true,
      "is_on_sale": false,
      "scraped_at": "2025-08-05T17:42:29.520Z",
      "page_number": 4,
      "source_url": "https://www.coles.com.au/browse/down-down?page=4",
      "is_sponsored": null
    },
    {
      "title": "Bulldog Sensitive Moisturiser Skincare For Men | 100mL",
      "current_price": 9.5,
      "original_price": null,
      "discount_percentage": null,
      "discount_amount": null,
      "image_url": "https://www.coles.com.au/_next/image?url=https%3A%2F%2Fcdn.productimages.coles.com.au%2Fproductimages%2F3%2F3402601.jpg&w=640&q=90",
      "product_url": "https://www.coles.com.au/product/bulldog-sensitive-moisturiser-skincare-for-men-100ml-3402601",
      "category": "down-down",
      "brand": null,
      "weight_size": null,
      "per_unit_price": "$9.50 per 100mLWas $15.00 on Jun 2025",
      "rating": null,
      "review_count": null,
      "in_stock": true,
      "is_on_sale": false,
      "scraped_at": "2025-08-05T17:42:29.520Z",
      "page_number": 4,
      "source_url": "https://www.coles.com.au/browse/down-down?page=4",
      "is_sponsored": null
    },
    {
      "title": "Strepsils Extra Honey And Lemon Fast Numbing Sore Throat Pain Relief  ... 1 pack",
      "current_price": 15,
      "original_price": null,
      "discount_percentage": null,
      "discount_amount": null,
      "image_url": "https://www.coles.com.au/_next/image?url=https%3A%2F%2Fcdn.productimages.coles.com.au%2Fproductimages%2F3%2F3417970.jpg&w=640&q=90",
      "product_url": "https://www.coles.com.au/product/strepsils-extra-honey-and-lemon-fast-numbing-sore-throat-pain-relief-with-anaesthetic-36-lozenges-1-pack-3417970",
      "category": "down-down",
      "brand": null,
      "weight_size": null,
      "per_unit_price": "$0.42 per 1eaWas $19.00 on Jun 2025",
      "rating": null,
      "review_count": null,
      "in_stock": true,
      "is_on_sale": false,
      "scraped_at": "2025-08-05T17:42:29.520Z",
      "page_number": 4,
      "source_url": "https://www.coles.com.au/browse/down-down?page=4",
      "is_sponsored": null
    },
    {
      "title": "Sunrice Australian Medium Grain White Rice | 2kg",
      "current_price": 6.5,
      "original_price": null,
      "discount_percentage": null,
      "discount_amount": null,
      "image_url": "https://www.coles.com.au/_next/image?url=https%3A%2F%2Fcdn.productimages.coles.com.au%2Fproductimages%2F3%2F343470.jpg&w=640&q=90",
      "product_url": "https://www.coles.com.au/product/sunrice-australian-medium-grain-white-rice-2kg-343470",
      "category": "down-down",
      "brand": null,
      "weight_size": null,
      "per_unit_price": "$0.33 per 100gWas $8.60 on Jun 2025",
      "rating": null,
      "review_count": null,
      "in_stock": true,
      "is_on_sale": false,
      "scraped_at": "2025-08-05T17:42:29.520Z",
      "page_number": 4,
      "source_url": "https://www.coles.com.au/browse/down-down?page=4",
      "is_sponsored": null
    },
    {
      "title": "Local Legends Biltong Chilli Beef | 45g",
      "current_price": 4.3,
      "original_price": null,
      "discount_percentage": null,
      "discount_amount": null,
      "image_url": "https://www.coles.com.au/_next/image?url=https%3A%2F%2Fcdn.productimages.coles.com.au%2Fproductimages%2F3%2F3434889.jpg&w=640&q=90",
      "product_url": "https://www.coles.com.au/product/local-legends-biltong-chilli-beef-45g-3434889",
      "category": "down-down",
      "brand": null,
      "weight_size": null,
      "per_unit_price": "$95.56 per 1kgWas $5.20 on Jul 2025",
      "rating": null,
      "review_count": null,
      "in_stock": true,
      "is_on_sale": false,
      "scraped_at": "2025-08-05T17:42:29.520Z",
      "page_number": 4,
      "source_url": "https://www.coles.com.au/browse/down-down?page=4",
      "is_sponsored": null
    },
    {
      "title": "Local Legends Original Beef Jerky | 55g",
      "current_price": 4.3,
      "original_price": null,
      "discount_percentage": null,
      "discount_amount": null,
      "image_url": "https://www.coles.com.au/_next/image?url=https%3A%2F%2Fcdn.productimages.coles.com.au%2Fproductimages%2F3%2F3434903.jpg&w=640&q=90",
      "product_url": "https://www.coles.com.au/product/local-legends-original-beef-jerky-55g-3434903",
      "category": "down-down",
      "brand": null,
      "weight_size": null,
      "per_unit_price": "$86.00 per 1kgWas $5.20 on Jul 2025",
      "rating": null,
      "review_count": null,
      "in_stock": true,
      "is_on_sale": false,
      "scraped_at": "2025-08-05T17:42:29.520Z",
      "page_number": 4,
      "source_url": "https://www.coles.com.au/browse/down-down?page=4",
      "is_sponsored": null
    },
    {
      "title": "Clearblue Triple Check | 3 Pack",
      "current_price": 26,
      "original_price": null,
      "discount_percentage": null,
      "discount_amount": null,
      "image_url": "https://www.coles.com.au/_next/image?url=https%3A%2F%2Fcdn.productimages.coles.com.au%2Fproductimages%2F3%2F3453362.jpg&w=640&q=90",
      "product_url": "https://www.coles.com.au/product/clearblue-triple-check-3-pack-3453362",
      "category": "down-down",
      "brand": null,
      "weight_size": null,
      "per_unit_price": "$8.67 per 1eaWas $30.00 on May 2025",
      "rating": null,
      "review_count": null,
      "in_stock": true,
      "is_on_sale": false,
      "scraped_at": "2025-08-05T17:42:29.520Z",
      "page_number": 4,
      "source_url": "https://www.coles.com.au/browse/down-down?page=4",
      "is_sponsored": null
    },
    {
      "title": "Coles Smoked Meaty Pork Leg Hock | approx. 1kg",
      "current_price": 11,
      "original_price": null,
      "discount_percentage": null,
      "discount_amount": null,
      "image_url": "https://www.coles.com.au/_next/image?url=https%3A%2F%2Fcdn.productimages.coles.com.au%2Fproductimages%2F3%2F3472389.jpg&w=640&q=90",
      "product_url": "https://www.coles.com.au/product/coles-smoked-meaty-pork-leg-hock-approx.-1kg-each-3472389",
      "category": "down-down",
      "brand": null,
      "weight_size": null,
      "per_unit_price": "$11.00 per 1kgWas $14.00 on Jun 2025",
      "rating": null,
      "review_count": null,
      "in_stock": true,
      "is_on_sale": false,
      "scraped_at": "2025-08-05T17:42:29.520Z",
      "page_number": 4,
      "source_url": "https://www.coles.com.au/browse/down-down?page=4",
      "is_sponsored": null
    },
    {
      "title": "Australia's Own Almond Barista Milk | 1L",
      "current_price": 4,
      "original_price": null,
      "discount_percentage": null,
      "discount_amount": null,
      "image_url": "https://www.coles.com.au/_next/image?url=https%3A%2F%2Fcdn.productimages.coles.com.au%2Fproductimages%2F3%2F3492670.jpg&w=640&q=90",
      "product_url": "https://www.coles.com.au/product/australia's-own-almond-barista-milk-1l-3492670",
      "category": "down-down",
      "brand": null,
      "weight_size": null,
      "per_unit_price": "$4.00 per 1LWas $4.50 on Jul 2025",
      "rating": null,
      "review_count": null,
      "in_stock": true,
      "is_on_sale": false,
      "scraped_at": "2025-08-05T17:42:29.520Z",
      "page_number": 4,
      "source_url": "https://www.coles.com.au/browse/down-down?page=4",
      "is_sponsored": null
    },
    {
      "title": "Atkins Low Carb Endulge Bar Milk Chocolate Mint Crisp 5X30g | 150g",
      "current_price": 13.6,
      "original_price": null,
      "discount_percentage": null,
      "discount_amount": null,
      "image_url": "https://www.coles.com.au/_next/image?url=https%3A%2F%2Fcdn.productimages.coles.com.au%2Fproductimages%2F3%2F3498917.jpg&w=640&q=90",
      "product_url": "https://www.coles.com.au/product/atkins-low-carb-endulge-bar-milk-chocolate-mint-crisp-5x30g-150g-3498917",
      "category": "down-down",
      "brand": null,
      "weight_size": null,
      "per_unit_price": "$9.07 per 100gWas $17.00 on Jul 2025",
      "rating": null,
      "review_count": null,
      "in_stock": true,
      "is_on_sale": false,
      "scraped_at": "2025-08-05T17:42:29.520Z",
      "page_number": 4,
      "source_url": "https://www.coles.com.au/browse/down-down?page=4",
      "is_sponsored": null
    },
    {
      "title": "Tip Top Gourmet Wholemeal Pizza Bases 2 Pack | 440g",
      "current_price": 4.5,
      "original_price": null,
      "discount_percentage": null,
      "discount_amount": null,
      "image_url": "https://www.coles.com.au/_next/image?url=https%3A%2F%2Fcdn.productimages.coles.com.au%2Fproductimages%2F3%2F3499057.jpg&w=640&q=90",
      "product_url": "https://www.coles.com.au/product/tip-top-gourmet-wholemeal-pizza-bases-2-pack-440g-3499057",
      "category": "down-down",
      "brand": null,
      "weight_size": null,
      "per_unit_price": "$1.02 per 100gWas $6.60 on Jun 2025",
      "rating": null,
      "review_count": null,
      "in_stock": true,
      "is_on_sale": false,
      "scraped_at": "2025-08-05T17:42:29.520Z",
      "page_number": 4,
      "source_url": "https://www.coles.com.au/browse/down-down?page=4",
      "is_sponsored": null
    },
    {
      "title": "Tip Top White Gourmet Pizza Base 2 pack | 440g",
      "current_price": 4.5,
      "original_price": null,
      "discount_percentage": null,
      "discount_amount": null,
      "image_url": "https://www.coles.com.au/_next/image?url=https%3A%2F%2Fcdn.productimages.coles.com.au%2Fproductimages%2F3%2F3499068.jpg&w=640&q=90",
      "product_url": "https://www.coles.com.au/product/tip-top-white-gourmet-pizza-base-2-pack-440g-3499068",
      "category": "down-down",
      "brand": null,
      "weight_size": null,
      "per_unit_price": "$1.02 per 100gWas $6.60 on Jun 2025",
      "rating": null,
      "review_count": null,
      "in_stock": true,
      "is_on_sale": false,
      "scraped_at": "2025-08-05T17:42:29.520Z",
      "page_number": 4,
      "source_url": "https://www.coles.com.au/browse/down-down?page=4",
      "is_sponsored": null
    },
    {
      "title": "Little Bellies Organic Blueberry Puffs 7+ Months | 12g",
      "current_price": 1.8,
      "original_price": null,
      "discount_percentage": null,
      "discount_amount": null,
      "image_url": "https://www.coles.com.au/_next/image?url=https%3A%2F%2Fcdn.productimages.coles.com.au%2Fproductimages%2F3%2F3501691.jpg&w=640&q=90",
      "product_url": "https://www.coles.com.au/product/little-bellies-organic-blueberry-puffs-7+-months-12g-3501691",
      "category": "down-down",
      "brand": null,
      "weight_size": null,
      "per_unit_price": "$15.00 per 100gWas $2.00 on May 2025",
      "rating": null,
      "review_count": null,
      "in_stock": true,
      "is_on_sale": false,
      "scraped_at": "2025-08-05T17:42:29.520Z",
      "page_number": 4,
      "source_url": "https://www.coles.com.au/browse/down-down?page=4",
      "is_sponsored": null
    },
    {
      "title": "Hart & Soul Soup Pho Cup | 100g",
      "current_price": 1.6,
      "original_price": null,
      "discount_percentage": null,
      "discount_amount": null,
      "image_url": "https://www.coles.com.au/_next/image?url=https%3A%2F%2Fcdn.productimages.coles.com.au%2Fproductimages%2F3%2F3505706.jpg&w=640&q=90",
      "product_url": "https://www.coles.com.au/product/hart-and-soul-soup-pho-cup-100g-3505706",
      "category": "down-down",
      "brand": null,
      "weight_size": null,
      "per_unit_price": "$1.60 per 100gWas $2.00 on Jun 2025",
      "rating": null,
      "review_count": null,
      "in_stock": true,
      "is_on_sale": false,
      "scraped_at": "2025-08-05T17:42:29.520Z",
      "page_number": 4,
      "source_url": "https://www.coles.com.au/browse/down-down?page=4",
      "is_sponsored": null
    },
    {
      "title": "Hart & Soul Soup Wonton Cup | 100g",
      "current_price": 1.6,
      "original_price": null,
      "discount_percentage": null,
      "discount_amount": null,
      "image_url": "https://www.coles.com.au/_next/image?url=https%3A%2F%2Fcdn.productimages.coles.com.au%2Fproductimages%2F3%2F3505717.jpg&w=640&q=90",
      "product_url": "https://www.coles.com.au/product/hart-and-soul-soup-wonton-cup-100g-3505717",
      "category": "down-down",
      "brand": null,
      "weight_size": null,
      "per_unit_price": "$1.60 per 100gWas $2.00 on Jun 2025",
      "rating": null,
      "review_count": null,
      "in_stock": true,
      "is_on_sale": false,
      "scraped_at": "2025-08-05T17:42:29.520Z",
      "page_number": 4,
      "source_url": "https://www.coles.com.au/browse/down-down?page=4",
      "is_sponsored": null
    },
    {
      "title": "Hart & Soul Soup Tom Yum Cup | 100g",
      "current_price": 1.6,
      "original_price": null,
      "discount_percentage": null,
      "discount_amount": null,
      "image_url": "https://www.coles.com.au/_next/image?url=https%3A%2F%2Fcdn.productimages.coles.com.au%2Fproductimages%2F3%2F3505739.jpg&w=640&q=90",
      "product_url": "https://www.coles.com.au/product/hart-and-soul-soup-tom-yum-cup-100g-3505739",
      "category": "down-down",
      "brand": null,
      "weight_size": null,
      "per_unit_price": "$1.60 per 100gWas $2.00 on Jun 2025",
      "rating": null,
      "review_count": null,
      "in_stock": true,
      "is_on_sale": false,
      "scraped_at": "2025-08-05T17:42:29.520Z",
      "page_number": 4,
      "source_url": "https://www.coles.com.au/browse/down-down?page=4",
      "is_sponsored": null
    },
    {
      "title": "Finish Rinse Aid 0% Dishwasher | 400mL",
      "current_price": 5.25,
      "original_price": null,
      "discount_percentage": null,
      "discount_amount": null,
      "image_url": "https://www.coles.com.au/_next/image?url=https%3A%2F%2Fcdn.productimages.coles.com.au%2Fproductimages%2F3%2F3514194.jpg&w=640&q=90",
      "product_url": "https://www.coles.com.au/product/finish-rinse-aid-0percent-dishwasher-400ml-3514194",
      "category": "down-down",
      "brand": null,
      "weight_size": null,
      "per_unit_price": "$1.31 per 100mLWas $10.50 on Jul 2025",
      "rating": null,
      "review_count": null,
      "in_stock": true,
      "is_on_sale": false,
      "scraped_at": "2025-08-05T17:42:29.520Z",
      "page_number": 4,
      "source_url": "https://www.coles.com.au/browse/down-down?page=4",
      "is_sponsored": null
    },
    {
      "title": "L&P Soft Drink Can | 440mL",
      "current_price": 2,
      "original_price": null,
      "discount_percentage": null,
      "discount_amount": null,
      "image_url": "https://www.coles.com.au/_next/image?url=https%3A%2F%2Fcdn.productimages.coles.com.au%2Fproductimages%2F3%2F3561321.jpg&w=640&q=90",
      "product_url": "https://www.coles.com.au/product/landp-soft-drink-can-440ml-3561321",
      "category": "down-down",
      "brand": null,
      "weight_size": null,
      "per_unit_price": "$4.55 per 1LWas $3.10 on Jul 2025",
      "rating": null,
      "review_count": null,
      "in_stock": true,
      "is_on_sale": false,
      "scraped_at": "2025-08-05T17:42:29.520Z",
      "page_number": 4,
      "source_url": "https://www.coles.com.au/browse/down-down?page=4",
      "is_sponsored": null
    },
    {
      "title": "Coles Beef & Pork Meatballs | 560g",
      "current_price": 7,
      "original_price": null,
      "discount_percentage": null,
      "discount_amount": null,
      "image_url": "https://www.coles.com.au/_next/image?url=https%3A%2F%2Fcdn.productimages.coles.com.au%2Fproductimages%2F3%2F3569447.jpg&w=640&q=90",
      "product_url": "https://www.coles.com.au/product/coles-beef-and-pork-meatballs-560g-3569447",
      "category": "down-down",
      "brand": null,
      "weight_size": null,
      "per_unit_price": "$12.50 per 1kgWas $8.00 on Jun 2025",
      "rating": null,
      "review_count": null,
      "in_stock": true,
      "is_on_sale": false,
      "scraped_at": "2025-08-05T17:42:29.520Z",
      "page_number": 4,
      "source_url": "https://www.coles.com.au/browse/down-down?page=4",
      "is_sponsored": null
    },
    {
      "title": "All Natural Bakery Oat Slices Yoghurt Blueberry & Cranberry | 100g",
      "current_price": 2.9,
      "original_price": null,
      "discount_percentage": null,
      "discount_amount": null,
      "image_url": "https://www.coles.com.au/_next/image?url=https%3A%2F%2Fcdn.productimages.coles.com.au%2Fproductimages%2F3%2F3582966.jpg&w=640&q=90",
      "product_url": "https://www.coles.com.au/product/all-natural-bakery-oat-slices-yoghurt-blueberry-and-cranberry-100g-3582966",
      "category": "down-down",
      "brand": null,
      "weight_size": null,
      "per_unit_price": "$2.90 per 100gWas $3.25 on Jul 2025",
      "rating": null,
      "review_count": null,
      "in_stock": true,
      "is_on_sale": false,
      "scraped_at": "2025-08-05T17:42:29.520Z",
      "page_number": 4,
      "source_url": "https://www.coles.com.au/browse/down-down?page=4",
      "is_sponsored": null
    },
    {
      "title": "Capilano Delicate & Smooth Yellow Box Honey Upside Down | 340g",
      "current_price": 5.9,
      "original_price": null,
      "discount_percentage": null,
      "discount_amount": null,
      "image_url": "https://www.coles.com.au/_next/image?url=https%3A%2F%2Fcdn.productimages.coles.com.au%2Fproductimages%2F3%2F3629039.jpg&w=640&q=90",
      "product_url": "https://www.coles.com.au/product/capilano-delicate-and-smooth-yellow-box-honey-upside-down-340g-3629039",
      "category": "down-down",
      "brand": null,
      "weight_size": null,
      "per_unit_price": "$1.74 per 100gWas $6.60 on Jun 2025",
      "rating": null,
      "review_count": null,
      "in_stock": true,
      "is_on_sale": false,
      "scraped_at": "2025-08-05T17:42:29.520Z",
      "page_number": 4,
      "source_url": "https://www.coles.com.au/browse/down-down?page=4",
      "is_sponsored": null
    },
    {
      "title": "McKenzie's Sea Salt Grinder | 410g",
      "current_price": 7.5,
      "original_price": null,
      "discount_percentage": null,
      "discount_amount": null,
      "image_url": "https://www.coles.com.au/_next/image?url=https%3A%2F%2Fcdn.productimages.coles.com.au%2Fproductimages%2F3%2F3669340.jpg&w=640&q=90",
      "product_url": "https://www.coles.com.au/product/mckenzie's-sea-salt-grinder-410g-3669340",
      "category": "down-down",
      "brand": null,
      "weight_size": null,
      "per_unit_price": "$0.18 per 10gWas $8.50 on Jul 2025",
      "rating": null,
      "review_count": null,
      "in_stock": true,
      "is_on_sale": false,
      "scraped_at": "2025-08-05T17:42:29.520Z",
      "page_number": 4,
      "source_url": "https://www.coles.com.au/browse/down-down?page=4",
      "is_sponsored": null
    },
    {
      "title": "McKenzie's Pink Rock Salt Grinder | 410g",
      "current_price": 7.5,
      "original_price": null,
      "discount_percentage": null,
      "discount_amount": null,
      "image_url": "https://www.coles.com.au/_next/image?url=https%3A%2F%2Fcdn.productimages.coles.com.au%2Fproductimages%2F3%2F3669408.jpg&w=640&q=90",
      "product_url": "https://www.coles.com.au/product/mckenzie's-pink-rock-salt-grinder-410g-3669408",
      "category": "down-down",
      "brand": null,
      "weight_size": null,
      "per_unit_price": "$0.18 per 10gWas $8.50 on Jul 2025",
      "rating": null,
      "review_count": null,
      "in_stock": true,
      "is_on_sale": false,
      "scraped_at": "2025-08-05T17:42:29.520Z",
      "page_number": 4,
      "source_url": "https://www.coles.com.au/browse/down-down?page=4",
      "is_sponsored": null
    },
    {
      "title": "Strepsils Extra Anaesthetic Sore Throat Pain Relief Lozenges Blackcu ... 36 pack",
      "current_price": 15,
      "original_price": null,
      "discount_percentage": null,
      "discount_amount": null,
      "image_url": "https://www.coles.com.au/_next/image?url=https%3A%2F%2Fcdn.productimages.coles.com.au%2Fproductimages%2F3%2F3734179.jpg&w=640&q=90",
      "product_url": "https://www.coles.com.au/product/strepsils-extra-anaesthetic-sore-throat-pain-relief-lozenges-blackcurrant-36-pack-3734179",
      "category": "down-down",
      "brand": null,
      "weight_size": null,
      "per_unit_price": "$0.42 per 1eaWas $19.00 on Jun 2025",
      "rating": null,
      "review_count": null,
      "in_stock": true,
      "is_on_sale": false,
      "scraped_at": "2025-08-05T17:42:29.520Z",
      "page_number": 4,
      "source_url": "https://www.coles.com.au/browse/down-down?page=4",
      "is_sponsored": null
    },
    {
      "title": "Schweppes Zero Sugar Mixers Lemon Lime & Bitters Soft Drink | 1.1L",
      "current_price": 2,
      "original_price": null,
      "discount_percentage": null,
      "discount_amount": null,
      "image_url": "https://www.coles.com.au/_next/image?url=https%3A%2F%2Fcdn.productimages.coles.com.au%2Fproductimages%2F3%2F3752738.jpg&w=640&q=90",
      "product_url": "https://www.coles.com.au/product/schweppes-zero-sugar-mixers-lemon-lime-and-bitters-soft-drink-1.1l-3752738",
      "category": "down-down",
      "brand": null,
      "weight_size": null,
      "per_unit_price": "$1.82 per 1LWas $3.00 on Jun 2025",
      "rating": null,
      "review_count": null,
      "in_stock": true,
      "is_on_sale": false,
      "scraped_at": "2025-08-05T17:42:29.520Z",
      "page_number": 4,
      "source_url": "https://www.coles.com.au/browse/down-down?page=4",
      "is_sponsored": null
    },
    {
      "title": "Atkins Low Carb Endulge Bar Cherry Coconut 5x34g | 170g",
      "current_price": 13.6,
      "original_price": null,
      "discount_percentage": null,
      "discount_amount": null,
      "image_url": "https://www.coles.com.au/_next/image?url=https%3A%2F%2Fcdn.productimages.coles.com.au%2Fproductimages%2F3%2F3757899.jpg&w=640&q=90",
      "product_url": "https://www.coles.com.au/product/atkins-low-carb-endulge-bar-cherry-coconut-5x34g-170g-3757899",
      "category": "down-down",
      "brand": null,
      "weight_size": null,
      "per_unit_price": "$8.00 per 100gWas $17.00 on Jul 2025",
      "rating": null,
      "review_count": null,
      "in_stock": true,
      "is_on_sale": false,
      "scraped_at": "2025-08-05T17:42:29.520Z",
      "page_number": 4,
      "source_url": "https://www.coles.com.au/browse/down-down?page=4",
      "is_sponsored": null
    },
    {
      "title": "Coles Ultimate 40% Triple Chocolate Chip Cookie | 400g",
      "current_price": 6,
      "original_price": null,
      "discount_percentage": null,
      "discount_amount": null,
      "image_url": "https://www.coles.com.au/_next/image?url=https%3A%2F%2Fcdn.productimages.coles.com.au%2Fproductimages%2F3%2F3763086.jpg&w=640&q=90",
      "product_url": "https://www.coles.com.au/product/coles-ultimate-40percent-triple-chocolate-chip-cookie-400g-3763086",
      "category": "down-down",
      "brand": null,
      "weight_size": null,
      "per_unit_price": "$1.50 per 100gWas $6.50 on Jul 2025",
      "rating": null,
      "review_count": null,
      "in_stock": true,
      "is_on_sale": false,
      "scraped_at": "2025-08-05T17:42:29.520Z",
      "page_number": 4,
      "source_url": "https://www.coles.com.au/browse/down-down?page=4",
      "is_sponsored": null
    },
    {
      "title": "Cold Power Advanced Clean Laundry Liquid | 4L",
      "current_price": 25,
      "original_price": null,
      "discount_percentage": null,
      "discount_amount": null,
      "image_url": "https://www.coles.com.au/_next/image?url=https%3A%2F%2Fcdn.productimages.coles.com.au%2Fproductimages%2F3%2F3774639.jpg&w=640&q=90",
      "product_url": "https://www.coles.com.au/product/cold-power-advanced-clean-laundry-liquid-4l-3774639",
      "category": "down-down",
      "brand": null,
      "weight_size": null,
      "per_unit_price": "$6.25 per 1LWas $36.00 on Jun 2025",
      "rating": null,
      "review_count": null,
      "in_stock": true,
      "is_on_sale": false,
      "scraped_at": "2025-08-05T17:42:29.520Z",
      "page_number": 4,
      "source_url": "https://www.coles.com.au/browse/down-down?page=4",
      "is_sponsored": null
    },
    {
      "title": "Aveeno Baby Daily Moisturising Fragrance Free Sensitive Moisturi ... 532mL",
      "current_price": 18,
      "original_price": null,
      "discount_percentage": null,
      "discount_amount": null,
      "image_url": "https://www.coles.com.au/_next/image?url=https%3A%2F%2Fcdn.productimages.coles.com.au%2Fproductimages%2F3%2F3778006.jpg&w=640&q=90",
      "product_url": "https://www.coles.com.au/product/aveeno-baby-daily-moisturising-fragrance-free-sensitive-moisturising-lotion-532ml-3778006",
      "category": "down-down",
      "brand": null,
      "weight_size": null,
      "per_unit_price": "$3.38 per 100mLWas $20.00 on Jul 2025",
      "rating": null,
      "review_count": null,
      "in_stock": true,
      "is_on_sale": false,
      "scraped_at": "2025-08-05T17:42:29.520Z",
      "page_number": 4,
      "source_url": "https://www.coles.com.au/browse/down-down?page=4",
      "is_sponsored": null
    },
    {
      "title": "Aveeno Baby Daily Moisture Lightly Scented Sensitive Wash & Shampoo | 532mL",
      "current_price": 18,
      "original_price": null,
      "discount_percentage": null,
      "discount_amount": null,
      "image_url": "https://www.coles.com.au/_next/image?url=https%3A%2F%2Fcdn.productimages.coles.com.au%2Fproductimages%2F3%2F3778017.jpg&w=640&q=90",
      "product_url": "https://www.coles.com.au/product/aveeno-baby-daily-moisture-lightly-scented-sensitive-wash-and-shampoo-532ml-3778017",
      "category": "down-down",
      "brand": null,
      "weight_size": null,
      "per_unit_price": "$3.38 per 100mLWas $20.00 on Jul 2025",
      "rating": null,
      "review_count": null,
      "in_stock": true,
      "is_on_sale": false,
      "scraped_at": "2025-08-05T17:42:29.520Z",
      "page_number": 4,
      "source_url": "https://www.coles.com.au/browse/down-down?page=4",
      "is_sponsored": null
    },
    {
      "title": "Dorset Granola Berry | 450g",
      "current_price": 7,
      "original_price": null,
      "discount_percentage": null,
      "discount_amount": null,
      "image_url": "https://www.coles.com.au/_next/image?url=https%3A%2F%2Fcdn.productimages.coles.com.au%2Fproductimages%2F3%2F3779428.jpg&w=640&q=90",
      "product_url": "https://www.coles.com.au/product/dorset-granola-berry-450g-3779428",
      "category": "down-down",
      "brand": null,
      "weight_size": null,
      "per_unit_price": "$1.56 per 100gWas $9.00 on Jul 2025",
      "rating": null,
      "review_count": null,
      "in_stock": true,
      "is_on_sale": false,
      "scraped_at": "2025-08-05T17:42:29.520Z",
      "page_number": 4,
      "source_url": "https://www.coles.com.au/browse/down-down?page=4",
      "is_sponsored": null
    },
    {
      "title": "Dorset Granola Simply Nut | 450g",
      "current_price": 7,
      "original_price": null,
      "discount_percentage": null,
      "discount_amount": null,
      "image_url": "https://www.coles.com.au/_next/image?url=https%3A%2F%2Fcdn.productimages.coles.com.au%2Fproductimages%2F3%2F3779450.jpg&w=640&q=90",
      "product_url": "https://www.coles.com.au/product/dorset-granola-simply-nut-450g-3779450",
      "category": "down-down",
      "brand": null,
      "weight_size": null,
      "per_unit_price": "$1.56 per 100gWas $9.00 on Jul 2025",
      "rating": null,
      "review_count": null,
      "in_stock": true,
      "is_on_sale": false,
      "scraped_at": "2025-08-05T17:42:29.520Z",
      "page_number": 4,
      "source_url": "https://www.coles.com.au/browse/down-down?page=4",
      "is_sponsored": null
    },
    {
      "title": "Glad Wavetop Tie Kit Bags Small | 50 pack",
      "current_price": 3.8,
      "original_price": null,
      "discount_percentage": null,
      "discount_amount": null,
      "image_url": "https://www.coles.com.au/_next/image?url=https%3A%2F%2Fcdn.productimages.coles.com.au%2Fproductimages%2F3%2F3779643.jpg&w=640&q=90",
      "product_url": "https://www.coles.com.au/product/glad-wavetop-tie-kit-bags-small-50-pack-3779643",
      "category": "down-down",
      "brand": null,
      "weight_size": null,
      "per_unit_price": "$0.08 per 1eaWas $4.25 on May 2025",
      "rating": null,
      "review_count": null,
      "in_stock": true,
      "is_on_sale": false,
      "scraped_at": "2025-08-05T17:42:29.520Z",
      "page_number": 4,
      "source_url": "https://www.coles.com.au/browse/down-down?page=4",
      "is_sponsored": null
    },
    {
      "title": "Australias Own Barista Oat Milk | 1L",
      "current_price": 4,
      "original_price": null,
      "discount_percentage": null,
      "discount_amount": null,
      "image_url": "https://www.coles.com.au/_next/image?url=https%3A%2F%2Fcdn.productimages.coles.com.au%2Fproductimages%2F3%2F3793509.jpg&w=640&q=90",
      "product_url": "https://www.coles.com.au/product/australias-own-barista-oat-milk-1l-3793509",
      "category": "down-down",
      "brand": null,
      "weight_size": null,
      "per_unit_price": "$4.00 per 1LWas $4.50 on Jul 2025",
      "rating": null,
      "review_count": null,
      "in_stock": true,
      "is_on_sale": false,
      "scraped_at": "2025-08-05T17:42:29.520Z",
      "page_number": 4,
      "source_url": "https://www.coles.com.au/browse/down-down?page=4",
      "is_sponsored": null
    },
    {
      "title": "Australias Own Barista Macadamia Milk | 1L",
      "current_price": 4,
      "original_price": null,
      "discount_percentage": null,
      "discount_amount": null,
      "image_url": "https://www.coles.com.au/_next/image?url=https%3A%2F%2Fcdn.productimages.coles.com.au%2Fproductimages%2F3%2F3793510.jpg&w=640&q=90",
      "product_url": "https://www.coles.com.au/product/australias-own-barista-macadamia-milk-1l-3793510",
      "category": "down-down",
      "brand": null,
      "weight_size": null,
      "per_unit_price": "$4.00 per 1LWas $4.50 on Jul 2025",
      "rating": null,
      "review_count": null,
      "in_stock": true,
      "is_on_sale": false,
      "scraped_at": "2025-08-05T17:42:29.520Z",
      "page_number": 4,
      "source_url": "https://www.coles.com.au/browse/down-down?page=4",
      "is_sponsored": null
    },
    {
      "title": "Sistema Klip It Klip It Plus Juice Jug 2L | 1 each",
      "current_price": 10,
      "original_price": null,
      "discount_percentage": null,
      "discount_amount": null,
      "image_url": "https://www.coles.com.au/_next/image?url=https%3A%2F%2Fcdn.productimages.coles.com.au%2Fproductimages%2F3%2F3793870.jpg&w=640&q=90",
      "product_url": "https://www.coles.com.au/product/sistema-klip-it-klip-it-plus-juice-jug-2l-1-each-3793870",
      "category": "down-down",
      "brand": null,
      "weight_size": null,
      "per_unit_price": "$10.00 per 1eaWas $12.40 on May 2025",
      "rating": null,
      "review_count": null,
      "in_stock": true,
      "is_on_sale": false,
      "scraped_at": "2025-08-05T17:42:29.520Z",
      "page_number": 4,
      "source_url": "https://www.coles.com.au/browse/down-down?page=4",
      "is_sponsored": null
    },
    {
      "title": "Codral Cold & Flu Tablets | 10 pack",
      "current_price": 8.55,
      "original_price": null,
      "discount_percentage": null,
      "discount_amount": null,
      "image_url": "https://www.coles.com.au/_next/image?url=https%3A%2F%2Fcdn.productimages.coles.com.au%2Fproductimages%2F3%2F3817130.jpg&w=640&q=90",
      "product_url": "https://www.coles.com.au/product/codral-cold-and-flu-tablets-10-pack-3817130",
      "category": "down-down",
      "brand": null,
      "weight_size": null,
      "per_unit_price": "$0.86 per 1eaWas $9.50 on Jul 2025",
      "rating": null,
      "review_count": null,
      "in_stock": true,
      "is_on_sale": false,
      "scraped_at": "2025-08-05T17:42:29.520Z",
      "page_number": 4,
      "source_url": "https://www.coles.com.au/browse/down-down?page=4",
      "is_sponsored": null
    },
    {
      "title": "Batiste Dry Shampoo Bare | 200mL",
      "current_price": 10,
      "original_price": null,
      "discount_percentage": null,
      "discount_amount": null,
      "image_url": "https://www.coles.com.au/_next/image?url=https%3A%2F%2Fcdn.productimages.coles.com.au%2Fproductimages%2F3%2F3826812.jpg&w=640&q=90",
      "product_url": "https://www.coles.com.au/product/batiste-dry-shampoo-bare-200ml-3826812",
      "category": "down-down",
      "brand": null,
      "weight_size": null,
      "per_unit_price": "$5.00 per 100mLWas $14.00 on Jun 2025",
      "rating": null,
      "review_count": null,
      "in_stock": true,
      "is_on_sale": false,
      "scraped_at": "2025-08-05T17:42:29.520Z",
      "page_number": 4,
      "source_url": "https://www.coles.com.au/browse/down-down?page=4",
      "is_sponsored": null
    },
    {
      "title": "Chux Non-Scratch Dishwand Refills Value | 6 pack",
      "current_price": 8.5,
      "original_price": null,
      "discount_percentage": null,
      "discount_amount": null,
      "image_url": "https://www.coles.com.au/_next/image?url=https%3A%2F%2Fcdn.productimages.coles.com.au%2Fproductimages%2F3%2F3838549.jpg&w=640&q=90",
      "product_url": "https://www.coles.com.au/product/chux-non-scratch-dishwand-refills-value-6-pack-3838549",
      "category": "down-down",
      "brand": null,
      "weight_size": null,
      "per_unit_price": "$1.42 per 1eaWas $10.15 on May 2025",
      "rating": null,
      "review_count": null,
      "in_stock": true,
      "is_on_sale": false,
      "scraped_at": "2025-08-05T17:42:29.520Z",
      "page_number": 4,
      "source_url": "https://www.coles.com.au/browse/down-down?page=4",
      "is_sponsored": null
    },
    {
      "title": "Riverina Haloumi | 180g",
      "current_price": 5.8,
      "original_price": null,
      "discount_percentage": null,
      "discount_amount": null,
      "image_url": "https://www.coles.com.au/_next/image?url=https%3A%2F%2Fcdn.productimages.coles.com.au%2Fproductimages%2F3%2F3842193.jpg&w=640&q=90",
      "product_url": "https://www.coles.com.au/product/riverina-haloumi-180g-3842193",
      "category": "down-down",
      "brand": null,
      "weight_size": null,
      "per_unit_price": "$32.22 per 1kgWas $6.60 on May 2025",
      "rating": null,
      "review_count": null,
      "in_stock": true,
      "is_on_sale": false,
      "scraped_at": "2025-08-05T17:42:29.520Z",
      "page_number": 4,
      "source_url": "https://www.coles.com.au/browse/down-down?page=4",
      "is_sponsored": null
    },
    {
      "title": "Mil Lel Shaved Parmesan | 170g",
      "current_price": 5.5,
      "original_price": null,
      "discount_percentage": null,
      "discount_amount": null,
      "image_url": "https://www.coles.com.au/_next/image?url=https%3A%2F%2Fcdn.productimages.coles.com.au%2Fproductimages%2F3%2F3843232.jpg&w=640&q=90",
      "product_url": "https://www.coles.com.au/product/mil-lel-shaved-parmesan-170g-3843232",
      "category": "down-down",
      "brand": null,
      "weight_size": null,
      "per_unit_price": "$32.35 per 1kgWas $6.90 on Jul 2025",
      "rating": null,
      "review_count": null,
      "in_stock": true,
      "is_on_sale": false,
      "scraped_at": "2025-08-05T17:42:29.520Z",
      "page_number": 4,
      "source_url": "https://www.coles.com.au/browse/down-down?page=4",
      "is_sponsored": null
    },
    {
      "title": "Mil Lel Extra Sharp Parmesan | 170g",
      "current_price": 5.5,
      "original_price": null,
      "discount_percentage": null,
      "discount_amount": null,
      "image_url": "https://www.coles.com.au/_next/image?url=https%3A%2F%2Fcdn.productimages.coles.com.au%2Fproductimages%2F3%2F3843276.jpg&w=640&q=90",
      "product_url": "https://www.coles.com.au/product/mil-lel-extra-sharp-parmesan-170g-3843276",
      "category": "down-down",
      "brand": null,
      "weight_size": null,
      "per_unit_price": "$32.35 per 1kgWas $6.90 on Jul 2025",
      "rating": null,
      "review_count": null,
      "in_stock": true,
      "is_on_sale": false,
      "scraped_at": "2025-08-05T17:42:29.520Z",
      "page_number": 4,
      "source_url": "https://www.coles.com.au/browse/down-down?page=4",
      "is_sponsored": null
    },
    {
      "title": "Liddells Lactose Free Tasty Cheese Slices | 250g",
      "current_price": 6.75,
      "original_price": null,
      "discount_percentage": null,
      "discount_amount": null,
      "image_url": "https://www.coles.com.au/_next/image?url=https%3A%2F%2Fcdn.productimages.coles.com.au%2Fproductimages%2F3%2F3843298.jpg&w=640&q=90",
      "product_url": "https://www.coles.com.au/product/liddells-lactose-free-tasty-cheese-slices-250g-3843298",
      "category": "down-down",
      "brand": null,
      "weight_size": null,
      "per_unit_price": "$27.00 per 1kgWas $7.50 on May 2025",
      "rating": null,
      "review_count": null,
      "in_stock": true,
      "is_on_sale": false,
      "scraped_at": "2025-08-05T17:42:29.520Z",
      "page_number": 4,
      "source_url": "https://www.coles.com.au/browse/down-down?page=4",
      "is_sponsored": null
    }
  ],
  "summary": {
    "total_products": 57,
    "products_on_sale": 0,
    "products_with_ratings": 0,
    "average_price": 7.863157894736844,
    "price_range": {
      "min": 1.6,
      "max": 26
    }
  }
}